@ARTICLE{2015MNRAS.449.2128K,
   author = {{Kobayashi}, M.~I.~N. and {Leauthaud}, A. and {More}, S. and 
	{Okabe}, N. and {Laigle}, C. and {Rhodes}, J. and {Takeuchi}, T.~T.
	},
    title = "{Can we use weak lensing to measure total mass profiles of galaxies on 20 kpc scales?}",
  journal = {\mnras},
archivePrefix = "arXiv",
   eprint = {1502.06604},
 keywords = {gravitational lensing: weak, galaxies: haloes, galaxies: stellar content, galaxies: structure, cosmology: observations, large-scale structure of Universe},
     year = 2015,
    month = may,
   volume = 449,
    pages = {2128-2143},
      doi = {10.1093/mnras/stv424},
   adsurl = {http://adsabs.harvard.edu/abs/2015MNRAS.449.2128K},
  adsnote = {Provided by the SAO/NASA Astrophysics Data System}
}


@INPROCEEDINGS{2011ASPC..442..435B,
   author = {{Bertin}, E.},
    title = "{Automated Morphometry with SExtractor and PSFEx}",
booktitle = {Astronomical Data Analysis Software and Systems XX},
     year = 2011,
   series = {Astronomical Society of the Pacific Conference Series},
   volume = 442,
   editor = {{Evans}, I.~N. and {Accomazzi}, A. and {Mink}, D.~J. and {Rots}, A.~H.
	},
    month = jul,
    pages = {435},
   adsurl = {http://adsabs.harvard.edu/abs/2011ASPC..442..435B},
  adsnote = {Provided by the SAO/NASA Astrophysics Data System}
}

@ARTICLE{PipelinePaper:inprep,
   author = {{Bosch}, J. and {Armstrong}, R. and {Bickerton}, S. and {Furusawa}, H. and 
	{Ikeda}, H. and {Koike}, M. and {Lupton}, R. and {Mineo}, S. and 
	{Price}, P. and {Takata}, T. and {Tanaka}, M. and {Yasuda}, N. and 
	{AlSayyad}, Y. and {Becker}, A.~C. and {Coulton}, W. and {Coupon}, J. and 
	{Garmilla}, J. and {Huang}, S. and {Krughoff}, K.~S. and {Lang}, D. and 
	{Leauthaud}, A. and {Lim}, K.-T. and {Lust}, N.~B. and {MacArthur}, L.~A. and 
	{Mandelbaum}, R. and {Miyatake}, H. and {Miyazaki}, S. and {Murata}, R. and 
	{More}, S. and {Okura}, Y. and {Owen}, R. and {Swinbank}, J.~D. and 
	{Strauss}, M.~A. and {Yamada}, Y. and {Yamanoi}, H.},
    title = "{The Hyper Suprime-Cam Software Pipeline}",
  journal = {ArXiv e-prints},
archivePrefix = "arXiv",
   eprint = {1705.06766},
 primaryClass = "astro-ph.IM",
 keywords = {Astrophysics - Instrumentation and Methods for Astrophysics},
     year = 2017,
    month = may,
   adsurl = {http://adsabs.harvard.edu/abs/2017arXiv170506766B},
  adsnote = {Provided by the SAO/NASA Astrophysics Data System}
}

@unpublished{CameraPaper:inprep,
  author  = {{Miyazaki}, S. and others},
  year    = {in prep.},
}

@unpublished{BrighterFatter:inprep,
  author  = {{Coulton}, W. and others},
  year    = {in prep.},
}

@ARTICLE{2017arXiv170500622C,
   author = {{Coupon}, J. and {Czakon}, N. and {Bosch}, J. and {Komiyama}, Y. and 
	{Medezinski}, E. and {Miyazaki}, S. and {Oguri}, M.},
    title = "{The bright-star masks for the HSC-SSP survey}",
  journal = {ArXiv e-prints},
archivePrefix = "arXiv",
   eprint = {1705.00622},
 primaryClass = "astro-ph.IM",
 keywords = {Astrophysics - Instrumentation and Methods for Astrophysics},
     year = 2017,
    month = may,
   adsurl = {http://adsabs.harvard.edu/abs/2017arXiv170500622C},
  adsnote = {Provided by the SAO/NASA Astrophysics Data System}
}

@unpublished{quicklook:inprep,
  author = {{Furusawa}, H. and others},
  year   = {in prep.},
}

@unpublished{SurveyOverview,
   author = {{Aihara}, H. and {Arimoto}, N. and {Armstrong}, R. and {Arnouts}, S. and 
	{Bahcall}, N.~A. and {Bickerton}, S. and {Bosch}, J. and {Bundy}, K. and 
	{Capak}, P.~L. and {Chan}, J.~H.~H. and {Chiba}, M. and {Coupon}, J. and 
	{Egami}, E. and {Enoki}, M. and {Finet}, F. and {Fujimori}, H. and 
	{Fujimoto}, S. and {Furusawa}, H. and {Furusawa}, J. and {Goto}, T. and 
	{Goulding}, A. and {Greco}, J.~P. and {Greene}, J.~E. and {Gunn}, J.~E. and 
	{Hamana}, T. and {Harikane}, Y. and {Hashimoto}, Y. and {Hattori}, T. and 
	{Hayashi}, M. and {Hayashi}, Y. and {He{\l}miniak}, K.~G. and 
	{Higuchi}, R. and {Hikage}, C. and {Ho}, P.~T.~P. and {Hsieh}, B.-C. and 
	{Huang}, K. and {Huang}, S. and {Ikeda}, H. and {Imanishi}, M. and 
	{Inoue}, A.~K. and {Iwasawa}, K. and {Iwata}, I. and {Jaelani}, A.~T. and 
	{Jian}, H.-Y. and {Kamata}, Y. and {Karoji}, H. and {Kashikawa}, N. and 
	{Katayama}, N. and {Kawanomoto}, S. and {Kayo}, I. and {Koda}, J. and 
	{Koike}, M. and {Kojima}, T. and {Komiyama}, Y. and {Konno}, A. and 
	{Koshida}, S. and {Koyama}, Y. and {Kusakabe}, H. and {Leauthaud}, A. and 
	{Lee}, C.-H. and {Lin}, L. and {Lin}, Y.-T. and {Lupton}, R.~H. and 
	{Mandelbaum}, R. and {Matsuoka}, Y. and {Medezinski}, E. and 
	{Mineo}, S. and {Miyama}, S. and {Miyatake}, H. and {Miyazaki}, S. and 
	{Momose}, R. and {More}, A. and {More}, S. and {Moritani}, Y. and 
	{Moriya}, T.~J. and {Morokuma}, T. and {Mukae}, S. and {Murata}, R. and 
	{Murayama}, H. and {Nagao}, T. and {Nakata}, F. and {Niida}, M. and 
	{Niikura}, H. and {Nishizawa}, A.~J. and {Obuchi}, Y. and {Oguri}, M. and 
	{Oishi}, Y. and {Okabe}, N. and {Okura}, Y. and {Ono}, Y. and 
	{Onodera}, M. and {Onoue}, M. and {Osato}, K. and {Ouchi}, M. and 
	{Price}, P.~A. and {Pyo}, T.-S. and {Sako}, M. and {Okamoto}, S. and 
	{Sawicki}, M. and {Shibuya}, T. and {Shimasaku}, K. and {Shimono}, A. and 
	{Shirasaki}, M. and {Silverman}, J.~D. and {Simet}, M. and {Speagle}, J. and 
	{Spergel}, D.~N. and {Strauss}, M.~A. and {Sugahara}, Y. and 
	{Sugiyama}, N. and {Suto}, Y. and {Suyu}, S.~H. and {Suzuki}, N. and 
	{Tait}, P.~J. and {Takata}, T. and {Takada}, M. and {Tamura}, N. and 
	{Tanaka}, M.~M. and {Tanaka}, M. and {Tanaka}, M. and {Tanaka}, Y. and 
	{Terai}, T. and {Terashima}, Y. and {Toba}, Y. and {Toshikawa}, J. and 
	{Turner}, E.~L. and {Uchida}, T. and {Uchiyama}, H. and {Umetsu}, K. and 
	{Uraguchi}, F. and {Urata}, Y. and {Usuda}, T. and {Utsumi}, Y. and 
	{Wang}, S.-Y. and {Wang}, W.-H. and {Wong}, K.~C. and {Yabe}, K. and 
	{Yamada}, Y. and {Yamanoi}, H. and {Yasuda}, N. and {Yeh}, S. and 
	{Yonehara}, A. and {Yuma}, S.},
    title = "{The Hyper Suprime-Cam SSP Survey: Overview and Survey Design}",
  journal = {ArXiv e-prints},
archivePrefix = "arXiv",
   eprint = {1704.05858},
 primaryClass = "astro-ph.IM",
 keywords = {Astrophysics - Instrumentation and Methods for Astrophysics},
     year = 2017,
    month = apr,
   adsurl = {http://adsabs.harvard.edu/abs/2017arXiv170405858A},
  adsnote = {Provided by the SAO/NASA Astrophysics Data System}
}

@ARTICLE{CatalogPaper:inprep,
   author = {{Mandelbaum}, R. and {Miyatake}, H. and {Hamana}, T. and {Oguri}, M. and 
	{Simet}, M. and {Armstrong}, R. and {Bosch}, J. and {Murata}, R. and 
	{Lanusse}, F. and {Leauthaud}, A. and {Coupon}, J. and {More}, S. and 
	{Takada}, M. and {Miyazaki}, S. and {Speagle}, J.~S. and {Shirasaki}, M. and 
	{Sif{\'o}n}, C. and {Huang}, S. and {Nishizawa}, A.~J. and {Medezinski}, E. and 
	{Okura}, Y. and {Okabe}, N. and {Czakon}, N. and {Takahashi}, R. and 
	{Coulton}, W. and {Hikage}, C. and {Komiyama}, Y. and {Lupton}, R.~H. and 
	{Strauss}, M.~A. and {Tanaka}, M. and {Utsumi}, Y.},
    title = "{The first-year shear catalog of the Subaru Hyper Suprime-Cam SSP Survey}",
  journal = {ArXiv e-prints},
archivePrefix = "arXiv",
   eprint = {1705.06745},
 keywords = {Astrophysics - Cosmology and Nongalactic Astrophysics, Astrophysics - Instrumentation and Methods for Astrophysics},
     year = 2017,
    month = may,
   adsurl = {http://adsabs.harvard.edu/abs/2017arXiv170506745M},
  adsnote = {Provided by the SAO/NASA Astrophysics Data System}
}

@unpublished{G3Sims:inprep,
  author  = {{Mandelbaum}, R. and others},
  year    = {in prep.},
}

@unpublished{SynPipe:inprep,
  author  = {{Murata}, R. and others},
  year    = {in prep.},
}

@ARTICLE{2013ApJS..205...12K,
   author = {{Kitching}, T.~D. and {Rowe}, B. and {Gill}, M. and {Heymans}, C. and 
	{Massey}, R. and {Witherick}, D. and {Courbin}, F. and {Georgatzis}, K. and 
	{Gentile}, M. and {Gruen}, D. and {Kilbinger}, M. and {Li}, G.~L. and 
	{Mariglis}, A.~P. and {Meylan}, G. and {Storkey}, A. and {Xin}, B.
	},
    title = "{Image Analysis for Cosmology: Results from the GREAT10 Star Challenge}",
  journal = {\apjs},
archivePrefix = "arXiv",
   eprint = {1210.1979},
 primaryClass = "astro-ph.IM",
 keywords = {atmospheric effects, cosmology: observations, methods: data analysis, techniques: image processing},
     year = 2013,
    month = apr,
   volume = 205,
      eid = {12},
    pages = {12},
      doi = {10.1088/0067-0049/205/2/12},
   adsurl = {http://adsabs.harvard.edu/abs/2013ApJS..205...12K},
  adsnote = {Provided by the SAO/NASA Astrophysics Data System}
}

@ARTICLE{2017arXiv170501599H,
   author = {{Huang}, S. and {Leauthaud}, A. and {Murata}, R. and {Bosch}, J. and 
	{Price}, P. and {Lupton}, R. and {Mandelbaum}, R. and {Lackner}, C. and 
	{Bickerton}, S. and {Miyazaki}, S. and {Coupon}, J. and {Tanaka}, M.
	},
    title = "{Characterization and Photometric Performance of the Hyper Suprime-Cam Software Pipeline}",
  journal = {ArXiv e-prints},
archivePrefix = "arXiv",
   eprint = {1705.01599},
 primaryClass = "astro-ph.IM",
 keywords = {Astrophysics - Instrumentation and Methods for Astrophysics},
     year = 2017,
    month = may,
   adsurl = {http://adsabs.harvard.edu/abs/2017arXiv170501599H},
  adsnote = {Provided by the SAO/NASA Astrophysics Data System}
}

@ARTICLE{2017arXiv170405988T,
   author = {{Tanaka}, M. and {Coupon}, J. and {Hsieh}, B.-C. and {Mineo}, S. and 
	{Nishizawa}, A.~J. and {Speagle}, J. and {Furusawa}, H. and 
	{Miyazaki}, S. and {Murayama}, H.},
    title = "{Photometric Redshifts for Hyper Suprime-Cam Subaru Strategic Program Data Release 1}",
  journal = {ArXiv e-prints},
archivePrefix = "arXiv",
   eprint = {1704.05988},
 keywords = {Astrophysics - Astrophysics of Galaxies},
     year = 2017,
    month = apr,
   adsurl = {http://adsabs.harvard.edu/abs/2017arXiv170405988T},
  adsnote = {Provided by the SAO/NASA Astrophysics Data System}
}

@unpublished{Speagle:inprep,
  author  = {{Speagle}, J. and others},
  year    = {in prep.},
}

@unpublished{More:inprep,
  author  = {{More}, S. and others},
  year    = {in prep.},
}

@unpublished{Armstrong:inprep,
  author  = {{Armstrong}, R. and others},
  year    = {in prep.},
}

@unpublished{Shirasaki:inprep,
  author  = {{Shirasaki}, M. and others},
  year    = {in prep.},
}

@ARTICLE{Oguri:inprep,
   author = {{Oguri}, M. and {Miyazaki}, S. and {Hikage}, C. and {Mandelbaum}, R. and 
	{Utsumi}, Y. and {Miyatake}, H. and {Takada}, M. and {Armstrong}, R. and 
	{Bosch}, J. and {Komiyama}, Y. and {Leauthaud}, A. and {More}, S. and 
	{Nishizawa}, A.~J. and {Okabe}, N.},
    title = "{Two- and three-dimensional wide-field weak lensing mass maps from the Hyper Suprime-Cam Subaru Strategic Program S16A data}",
  journal = {ArXiv e-prints},
archivePrefix = "arXiv",
   eprint = {1705.06792},
 keywords = {Astrophysics - Cosmology and Nongalactic Astrophysics},
     year = 2017,
    month = may,
   adsurl = {http://adsabs.harvard.edu/abs/2017arXiv170506792O},
  adsnote = {Provided by the SAO/NASA Astrophysics Data System}
}

@unpublished{Medezinski:inprep,
  author  = {{Medezinski}, E. and others},
  year    = {in prep.},
}


@ARTICLE{XXL,
   author = {{Pierre}, M. and {Pacaud}, F. and {Adami}, C. and {Alis}, S. and 
	{Altieri}, B. and {Baran}, N. and {Benoist}, C. and {Birkinshaw}, M. and 
	{Bongiorno}, A. and {Bremer}, M.~N. and {Brusa}, M. and {Butler}, A. and 
	{Ciliegi}, P. and {Chiappetti}, L. and {Clerc}, N. and {Corasaniti}, P.~S. and 
	{Coupon}, J. and {De Breuck}, C. and {Democles}, J. and {Desai}, S. and 
	{Delhaize}, J. and {Devriendt}, J. and {Dubois}, Y. and {Eckert}, D. and 
	{Elyiv}, A. and {Ettori}, S. and {Evrard}, A. and {Faccioli}, L. and 
	{Farahi}, A. and {Ferrari}, C. and {Finet}, F. and {Fotopoulou}, S. and 
	{Fourmanoit}, N. and {Gandhi}, P. and {Gastaldello}, F. and 
	{Gastaud}, R. and {Georgantopoulos}, I. and {Giles}, P. and 
	{Guennou}, L. and {Guglielmo}, V. and {Horellou}, C. and {Husband}, K. and 
	{Huynh}, M. and {Iovino}, A. and {Kilbinger}, M. and {Koulouridis}, E. and 
	{Lavoie}, S. and {Le Brun}, A.~M.~C. and {Le Fevre}, J.~P. and 
	{Lidman}, C. and {Lieu}, M. and {Lin}, C.~A. and {Mantz}, A. and 
	{Maughan}, B.~J. and {Maurogordato}, S. and {McCarthy}, I.~G. and 
	{McGee}, S. and {Melin}, J.~B. and {Melnyk}, O. and {Menanteau}, F. and 
	{Novak}, M. and {Paltani}, S. and {Plionis}, M. and {Poggianti}, B.~M. and 
	{Pomarede}, D. and {Pompei}, E. and {Ponman}, T.~J. and {Ramos-Ceja}, M.~E. and 
	{Ranalli}, P. and {Rapetti}, D. and {Raychaudury}, S. and {Reiprich}, T.~H. and 
	{Rottgering}, H. and {Rozo}, E. and {Rykoff}, E. and {Sadibekova}, T. and 
	{Santos}, J. and {Sauvageot}, J.~L. and {Schimd}, C. and {Sereno}, M. and 
	{Smith}, G.~P. and {Smol{\v c}i{\'c}}, V. and {Snowden}, S. and 
	{Spergel}, D. and {Stanford}, S. and {Surdej}, J. and {Valageas}, P. and 
	{Valotti}, A. and {Valtchanov}, I. and {Vignali}, C. and {Willis}, J. and 
	{Ziparo}, F.},
    title = "{The XXL Survey. I. Scientific motivations - XMM-Newton observing plan - Follow-up observations and simulation programme}",
  journal = {\aap},
archivePrefix = "arXiv",
   eprint = {1512.04317},
 keywords = {X-rays: general, large-scale structure of Universe, X-rays: galaxies: clusters, surveys},
     year = 2016,
    month = jun,
   volume = 592,
      eid = {A1},
    pages = {A1},
      doi = {10.1051/0004-6361/201526766},
   adsurl = {http://adsabs.harvard.edu/abs/2016A%26A...592A...1P},
  adsnote = {Provided by the SAO/NASA Astrophysics Data System}
}


@ARTICLE{WMAP9,
   author = {{Hinshaw}, G. and {Larson}, D. and {Komatsu}, E. and {Spergel}, D.~N. and 
	{Bennett}, C.~L. and {Dunkley}, J. and {Nolta}, M.~R. and {Halpern}, M. and 
	{Hill}, R.~S. and {Odegard}, N. and {Page}, L. and {Smith}, K.~M. and 
	{Weiland}, J.~L. and {Gold}, B. and {Jarosik}, N. and {Kogut}, A. and 
	{Limon}, M. and {Meyer}, S.~S. and {Tucker}, G.~S. and {Wollack}, E. and 
	{Wright}, E.~L.},
    title = "{Nine-year Wilkinson Microwave Anisotropy Probe (WMAP) Observations: Cosmological Parameter Results}",
  journal = {\apjs},
archivePrefix = "arXiv",
   eprint = {1212.5226},
 keywords = {cosmic background radiation, cosmology: observations, dark matter, early universe, instrumentation: detectors, space vehicles, space vehicles: instruments, telescopes },
     year = 2013,
    month = oct,
   volume = 208,
      eid = {19},
    pages = {19},
      doi = {10.1088/0067-0049/208/2/19},
   adsurl = {http://adsabs.harvard.edu/abs/2013ApJS..208...19H},
  adsnote = {Provided by the SAO/NASA Astrophysics Data System}
}


@ARTICLE{VVDS,
   author = {{Le F{\`e}vre}, O. and {Cassata}, P. and {Cucciati}, O. and 
	{Garilli}, B. and {Ilbert}, O. and {Le Brun}, V. and {Maccagni}, D. and 
	{Moreau}, C. and {Scodeggio}, M. and {Tresse}, L. and {Zamorani}, G. and 
	{Adami}, C. and {Arnouts}, S. and {Bardelli}, S. and {Bolzonella}, M. and 
	{Bondi}, M. and {Bongiorno}, A. and {Bottini}, D. and {Cappi}, A. and 
	{Charlot}, S. and {Ciliegi}, P. and {Contini}, T. and {de la Torre}, S. and 
	{Foucaud}, S. and {Franzetti}, P. and {Gavignaud}, I. and {Guzzo}, L. and 
	{Iovino}, A. and {Lemaux}, B. and {L{\'o}pez-Sanjuan}, C. and 
	{McCracken}, H.~J. and {Marano}, B. and {Marinoni}, C. and {Mazure}, A. and 
	{Mellier}, Y. and {Merighi}, R. and {Merluzzi}, P. and {Paltani}, S. and 
	{Pell{\`o}}, R. and {Pollo}, A. and {Pozzetti}, L. and {Scaramella}, R. and 
	{Tasca}, L. and {Vergani}, D. and {Vettolani}, G. and {Zanichelli}, A. and 
	{Zucca}, E.},
    title = "{The VIMOS VLT Deep Survey final data release: a spectroscopic sample of 35 016 galaxies and AGN out to z \~{} 6.7 selected with 17.5 {\le} i$_{AB}$ {\le} 24.75}",
  journal = {\aap},
archivePrefix = "arXiv",
   eprint = {1307.0545},
 keywords = {galaxies: evolution, galaxies: formation, galaxies: high-redshift, cosmology: observations, large-scale structure of Universe, surveys},
     year = 2013,
    month = nov,
   volume = 559,
      eid = {A14},
    pages = {A14},
      doi = {10.1051/0004-6361/201322179},
   adsurl = {http://adsabs.harvard.edu/abs/2013A%26A...559A..14L},
  adsnote = {Provided by the SAO/NASA Astrophysics Data System}
}




@ARTICLE{HectoMAP,
   author = {{Hwang}, H.~S. and {Geller}, M.~J. and {Park}, C. and {Fabricant}, D.~G. and 
	{Kurtz}, M.~J. and {Rines}, K.~J. and {Kim}, J. and {Diaferio}, A. and 
	{Zahid}, H.~J. and {Berlind}, P. and {Calkins}, M. and {Tokarz}, S. and 
	{Moran}, S.},
    title = "{HectoMAP and Horizon Run 4: Dense Structures and Voids in the Real and Simulated Universe}",
  journal = {\apj},
archivePrefix = "arXiv",
   eprint = {1602.06343},
 keywords = {cosmology: observations, galaxies: statistics, large-scale structure of universe, methods: numerical, methods: observational, surveys},
     year = 2016,
    month = feb,
   volume = 818,
      eid = {173},
    pages = {173},
      doi = {10.3847/0004-637X/818/2/173},
   adsurl = {http://adsabs.harvard.edu/abs/2016ApJ...818..173H},
  adsnote = {Provided by the SAO/NASA Astrophysics Data System}
}

@ARTICLE{2007ApJ...660L...1D,
   author = {{Davis}, M. and {Guhathakurta}, P. and {Konidaris}, N.~P. and 
	{Newman}, J.~A. and {Ashby}, M.~L.~N. and {Biggs}, A.~D. and 
	{Barmby}, P. and {Bundy}, K. and {Chapman}, S.~C. and {Coil}, A.~L. and 
	{Conselice}, C.~J. and {Cooper}, M.~C. and {Croton}, D.~J. and 
	{Eisenhardt}, P.~R.~M. and {Ellis}, R.~S. and {Faber}, S.~M. and 
	{Fang}, T. and {Fazio}, G.~G. and {Georgakakis}, A. and {Gerke}, B.~F. and 
	{Goss}, W.~M. and {Gwyn}, S. and {Harker}, J. and {Hopkins}, A.~M. and 
	{Huang}, J.-S. and {Ivison}, R.~J. and {Kassin}, S.~A. and {Kirby}, E.~N. and 
	{Koekemoer}, A.~M. and {Koo}, D.~C. and {Laird}, E.~S. and {Le Floc'h}, E. and 
	{Lin}, L. and {Lotz}, J.~M. and {Marshall}, P.~J. and {Martin}, D.~C. and 
	{Metevier}, A.~J. and {Moustakas}, L.~A. and {Nandra}, K. and 
	{Noeske}, K.~G. and {Papovich}, C. and {Phillips}, A.~C. and 
	{Rich}, R.~M. and {Rieke}, G.~H. and {Rigopoulou}, D. and {Salim}, S. and 
	{Schiminovich}, D. and {Simard}, L. and {Smail}, I. and {Small}, T.~A. and 
	{Weiner}, B.~J. and {Willmer}, C.~N.~A. and {Willner}, S.~P. and 
	{Wilson}, G. and {Wright}, E.~L. and {Yan}, R.},
    title = "{The All-Wavelength Extended Groth Strip International Survey (AEGIS) Data Sets}",
  journal = {\apjl},
   eprint = {astro-ph/0607355},
 keywords = {Galaxies: Photometry, Infrared: Galaxies, Radio Continuum: Galaxies, Surveys, Ultraviolet: Galaxies, X-Rays: Galaxies},
     year = 2007,
    month = may,
   volume = 660,
    pages = {L1-L6},
      doi = {10.1086/517931},
   adsurl = {http://adsabs.harvard.edu/abs/2007ApJ...660L...1D},
  adsnote = {Provided by the SAO/NASA Astrophysics Data System}
}

@ARTICLE{Thorntonetal:2016,
   author = {{Thornton}, R.~J. and {Ade}, P.~A.~R. and {Aiola}, S. and
   {Angil{\`e}}, F.~E. and 
   {Amiri}, M. and {Beall}, J.~A. and {Becker}, D.~T. and {Cho},
   H.-M. and 
   {Choi}, S.~K. and {Corlies}, P. and {Coughlin}, K.~P. and {Datta},
   R. and 
   {Devlin}, M.~J. and {Dicker}, S.~R. and {D{\"u}nner}, R. and 
   {Fowler}, J.~W. and {Fox}, A.~E. and {Gallardo}, P.~A. and {Gao},
   J. and 
   {Grace}, E. and {Halpern}, M. and {Hasselfield}, M. and
   {Henderson}, S.~W. and 
   {Hilton}, G.~C. and {Hincks}, A.~D. and {Ho}, S.~P. and {Hubmayr},
   J. and 
   {Irwin}, K.~D. and {Klein}, J. and {Koopman}, B. and {Li}, D. and 
   {Louis}, T. and {Lungu}, M. and {Maurin}, L. and {McMahon}, J. and 
   {Munson}, C.~D. and {Naess}, S. and {Nati}, F. and {Newburgh},
   L. and 
   {Nibarger}, J. and {Niemack}, M.~D. and {Niraula}, P. and {Nolta},
   M.~R. and 
   {Page}, L.~A. and {Pappas}, C.~G. and {Schillaci}, A. and
   {Schmitt}, B.~L. and 
   {Sehgal}, N. and {Sievers}, J.~L. and {Simon}, S.~M. and {Staggs},
   S.~T. and 
   {Tucker}, C. and {Uehara}, M. and {van Lanen}, J. and {Ward},
   J.~T. and 
   {Wollack}, E.~J.},
    title = "{The Atacama Cosmology Telescope: The
    Polarization-sensitive ACTPol Instrument}",
  journal = {\apjs},
archivePrefix = "arXiv",
   eprint = {1605.06569},
 primaryClass = "astro-ph.IM",
 keywords = {cosmic background radiation, instrumentation:
 polarimeters},
     year = 2016,
    month = dec,
   volume = 227,
      eid = {21},
    pages = {21},
      doi = {10.3847/1538-4365/227/2/21},
   adsurl = {http://adsabs.harvard.edu/abs/2016ApJS..227...21T},
  adsnote = {Provided by the SAO/NASA Astrophysics Data System}
}

@ARTICLE{Swetzetal:2011,
   author = {{Swetz}, D.~S. and {Ade}, P.~A.~R. and {Amiri}, M. and
   {Appel}, J.~W. and 
   {Battistelli}, E.~S. and {Burger}, B. and {Chervenak}, J. and 
   {Devlin}, M.~J. and {Dicker}, S.~R. and {Doriese}, W.~B. and 
   {D{\"u}nner}, R. and {Essinger-Hileman}, T. and {Fisher}, R.~P. and
   
   {Fowler}, J.~W. and {Halpern}, M. and {Hasselfield}, M. and 
   {Hilton}, G.~C. and {Hincks}, A.~D. and {Irwin}, K.~D. and
   {Jarosik}, N. and 
   {Kaul}, M. and {Klein}, J. and {Lau}, J.~M. and {Limon}, M. and 
   {Marriage}, T.~A. and {Marsden}, D. and {Martocci}, K. and
   {Mauskopf}, P. and 
   {Moseley}, H. and {Netterfield}, C.~B. and {Niemack}, M.~D. and 
   {Nolta}, M.~R. and {Page}, L.~A. and {Parker}, L. and {Staggs},
   S.~T. and 
   {Stryzak}, O. and {Switzer}, E.~R. and {Thornton}, R. and {Tucker},
   C. and 
   {Wollack}, E. and {Zhao}, Y.},
    title = "{Overview of the Atacama Cosmology Telescope: Receiver,
    Instrumentation, and Telescope Systems}",
  journal = {\apjs},
archivePrefix = "arXiv",
   eprint = {1007.0290},
 primaryClass = "astro-ph.IM",
 keywords = {cosmic background radiation, cosmology: observations,
 instrumentation: detectors, instrumentation: miscellaneous,
 telescopes},
     year = 2011,
    month = jun,
   volume = 194,
      eid = {41},
    pages = {41},
      doi = {10.1088/0067-0049/194/2/41},
   adsurl = {http://adsabs.harvard.edu/abs/2011ApJS..194...41S},
  adsnote = {Provided by the SAO/NASA Astrophysics Data System}
}

@ARTICLE{2007ApJS..172..219L,
   author = {{Leauthaud}, A. and {Massey}, R. and {Kneib}, J.-P. and {Rhodes}, J. 
and 
    {Johnston}, D.~E. and {Capak}, P. and {Heymans}, C. and {Ellis}, R.~S. and 
    {Koekemoer}, A.~M. and {Le F{\`e}vre}, O. and {Mellier}, Y. and 
    {R{\'e}fr{\'e}gier}, A. and {Robin}, A.~C. and {Scoville}, N. and 
    {Tasca}, L. and {Taylor}, J.~E. and {Van Waerbeke}, L.},
    title = "{Weak Gravitational Lensing with COSMOS: Galaxy Selection and Shape 
Measurements}",
  journal = {\apjs},
   eprint = {astro-ph/0702359},
 keywords = {Cosmology: Observations, Cosmology: Gravitational Lensing, Cosmology: 
Large-Scale Structure of Universe},
     year = 2007,
    month = sep,
   volume = 172,
    pages = {219-238},
      doi = {10.1086/516598},
   adsurl = {http://adsabs.harvard.edu/abs/2007ApJS..172..219L},
  adsnote = {Provided by the SAO/NASA Astrophysics Data System}
}

@ARTICLE{2014JInst...9C3048A,
   author = {{Antilogus}, P. and {Astier}, P. and {Doherty}, P. and {Guyonnet}, A. and 
	{Regnault}, N.},
    title = "{The brighter-fatter effect and pixel correlations in CCD sensors}",
  journal = {Journal of Instrumentation},
archivePrefix = "arXiv",
   eprint = {1402.0725},
 primaryClass = "astro-ph.IM",
     year = 2014,
    month = mar,
   volume = 9,
      eid = {C03048},
    pages = {C03048},
      doi = {10.1088/1748-0221/9/03/C03048},
   adsurl = {http://adsabs.harvard.edu/abs/2014JInst...9C3048A},
  adsnote = {Provided by the SAO/NASA Astrophysics Data System}
}

@ARTICLE{2015JInst..10C5032G,
   author = {{Gruen}, D. and {Bernstein}, G.~M. and {Jarvis}, M. and {Rowe}, B. and 
	{Vikram}, V. and {Plazas}, A.~A. and {Seitz}, S.},
    title = "{Characterization and correction of charge-induced pixel shifts in DECam}",
  journal = {Journal of Instrumentation},
archivePrefix = "arXiv",
   eprint = {1501.02802},
 primaryClass = "astro-ph.IM",
     year = 2015,
    month = may,
   volume = 10,
      eid = {C05032},
    pages = {C05032},
      doi = {10.1088/1748-0221/10/05/C05032},
   adsurl = {http://adsabs.harvard.edu/abs/2015JInst..10C5032G},
  adsnote = {Provided by the SAO/NASA Astrophysics Data System}
}

@ARTICLE{2010PASP..122.1437P,
   author = {{Pickles}, A. and {Depagne}, {\'E}.},
    title = "{All-Sky Spectrally Matched UBVRI - ZY and u$^{'}$g$^{'}$r$^{'}$i$^{'}$z$^{'}$ Magnitudes for Stars in the Tycho2 Catalog}",
  journal = {\pasp},
archivePrefix = "arXiv",
   eprint = {1011.2020},
 primaryClass = "astro-ph.IM",
     year = 2010,
    month = dec,
   volume = 122,
    pages = {1437-1464},
      doi = {10.1086/657947},
   adsurl = {http://adsabs.harvard.edu/abs/2010PASP..122.1437P},
  adsnote = {Provided by the SAO/NASA Astrophysics Data System}
}


@ARTICLE{Shirasakietal:16,
   author = {{Shirasaki}, M. and {Takada}, M. and {Miyatake}, H. and {Takahashi}, R. and 
	{Hamana}, T. and {Nishimichi}, T. and {Murata}, R.},
    title = "{Robust covariance estimation of galaxy-galaxy weak lensing: validation and limitation of jackknife covariance}",
  journal = {ArXiv e-prints},
archivePrefix = "arXiv",
   eprint = {1607.08679},
 keywords = {Astrophysics - Cosmology and Nongalactic Astrophysics},
     year = 2016,
    month = jul,
   adsurl = {http://adsabs.harvard.edu/abs/2016arXiv160708679S},
  adsnote = {Provided by the SAO/NASA Astrophysics Data System}
}



@ARTICLE{Behroozi:2013,
   author = {{Behroozi}, P.~S. and {Wechsler}, R.~H. and {Wu}, H.-Y.},
    title = "{The ROCKSTAR Phase-space Temporal Halo Finder and the Velocity Offsets of Cluster Cores}",
  journal = {\apj},
archivePrefix = "arXiv",
   eprint = {1110.4372},
 primaryClass = "astro-ph.CO",
 keywords = {dark matter, methods: numerical},
     year = 2013,
    month = jan,
   volume = 762,
      eid = {109},
    pages = {109},
      doi = {10.1088/0004-637X/762/2/109},
   adsurl = {http://adsabs.harvard.edu/abs/2013ApJ...762..109B},
  adsnote = {Provided by the SAO/NASA Astrophysics Data System}
}

@ARTICLE{ShirasakiYoshida:14,
   author = {{Shirasaki}, M. and {Yoshida}, N.},
    title = "{Statistical and Systematic Errors in the Measurement of Weak-Lensing Minkowski Functionals: Application to the Canada-France-Hawaii Lensing Survey}",
  journal = {\apj},
archivePrefix = "arXiv",
   eprint = {1312.5032},
 keywords = {gravitational lensing: weak},
     year = 2014,
    month = may,
   volume = 786,
      eid = {43},
    pages = {43},
      doi = {10.1088/0004-637X/786/1/43},
   adsurl = {http://adsabs.harvard.edu/abs/2014ApJ...786...43S},
  adsnote = {Provided by the SAO/NASA Astrophysics Data System}
}



@ARTICLE{2000A&A...355L..27H,
   author = {{H{\o}g}, E. and {Fabricius}, C. and {Makarov}, V.~V. and {Urban}, S. and
	{Corbin}, T. and {Wycoff}, G. and {Bastian}, U. and {Schwekendiek}, P. and
	{Wicenec}, A.},
    title = "{The Tycho-2 catalogue of the 2.5 million brightest stars}",
  journal = {\aap},
 keywords = {ASTROMETRY, STARS: FUNDAMENTAL PARAMETERS, CATALOGS},
     year = 2000,
    month = mar,
   volume = 355,
    pages = {L27-L30},
   adsurl = {http://cdsads.u-strasbg.fr/abs/2000A%26A...355L..27H},
  adsnote = {Provided by the SAO/NASA Astrophysics Data System}
}
@INPROCEEDINGS{2004AAS...205.4815Z,
   author = {{Zacharias}, N. and {Monet}, D.~G. and {Levine}, S.~E. and {Urban}, S.~E. and
	{Gaume}, R. and {Wycoff}, G.~L.},
    title = "{The Naval Observatory Merged Astrometric Dataset (NOMAD)}",
booktitle = {American Astronomical Society Meeting Abstracts},
     year = 2004,
   series = {Bulletin of the American Astronomical Society},
   volume = 36,
    month = dec,
      eid = {48.15},
    pages = {1418},
   adsurl = {http://cdsads.u-strasbg.fr/abs/2004AAS...205.4815Z},
  adsnote = {Provided by the SAO/NASA Astrophysics Data System}
}


@ARTICLE{Annisetal:14,
   author = {{Annis}, J. and {Soares-Santos}, M. and {Strauss}, M.~A. and 
	{Becker}, A.~C. and {Dodelson}, S. and {Fan}, X. and {Gunn}, J.~E. and 
	{Hao}, J. and {Ivezi{\'c}}, {\v Z}. and {Jester}, S. and {Jiang}, L. and 
	{Johnston}, D.~E. and {Kubo}, J.~M. and {Lampeitl}, H. and {Lin}, H. and 
	{Lupton}, R.~H. and {Miknaitis}, G. and {Seo}, H.-J. and {Simet}, M. and 
	{Yanny}, B.},
    title = "{The Sloan Digital Sky Survey Coadd: 275 deg$^{2}$ of Deep Sloan Digital Sky Survey Imaging on Stripe 82}",
  journal = {\apj},
archivePrefix = "arXiv",
   eprint = {1111.6619},
 keywords = {atlases, catalogs, surveys},
     year = 2014,
    month = oct,
   volume = 794,
      eid = {120},
    pages = {120},
      doi = {10.1088/0004-637X/794/2/120},
   adsurl = {http://adsabs.harvard.edu/abs/2014ApJ...794..120A},
  adsnote = {Provided by the SAO/NASA Astrophysics Data System}
}


@ARTICLE{2016MNRAS.460.2245J,
   author = {{Jarvis}, M. and {Sheldon}, E. and {Zuntz}, J. and {Kacprzak}, T. and 
	{Bridle}, S.~L. and {Amara}, A. and {Armstrong}, R. and {Becker}, M.~R. and 
	{Bernstein}, G.~M. and {Bonnett}, C. and {Chang}, C. and {Das}, R. and 
	{Dietrich}, J.~P. and {Drlica-Wagner}, A. and {Eifler}, T.~F. and 
	{Gangkofner}, C. and {Gruen}, D. and {Hirsch}, M. and {Huff}, E.~M. and 
	{Jain}, B. and {Kent}, S. and {Kirk}, D. and {MacCrann}, N. and 
	{Melchior}, P. and {Plazas}, A.~A. and {Refregier}, A. and {Rowe}, B. and 
	{Rykoff}, E.~S. and {Samuroff}, S. and {S{\'a}nchez}, C. and 
	{Suchyta}, E. and {Troxel}, M.~A. and {Vikram}, V. and {Abbott}, T. and 
	{Abdalla}, F.~B. and {Allam}, S. and {Annis}, J. and {Benoit-L{\'e}vy}, A. and 
	{Bertin}, E. and {Brooks}, D. and {Buckley-Geer}, E. and {Burke}, D.~L. and 
	{Capozzi}, D. and {Carnero Rosell}, A. and {Carrasco Kind}, M. and 
	{Carretero}, J. and {Castander}, F.~J. and {Clampitt}, J. and 
	{Crocce}, M. and {Cunha}, C.~E. and {D'Andrea}, C.~B. and {da Costa}, L.~N. and 
	{DePoy}, D.~L. and {Desai}, S. and {Diehl}, H.~T. and {Doel}, P. and 
	{Fausti Neto}, A. and {Flaugher}, B. and {Fosalba}, P. and {Frieman}, J. and 
	{Gaztanaga}, E. and {Gerdes}, D.~W. and {Gruendl}, R.~A. and 
	{Gutierrez}, G. and {Honscheid}, K. and {James}, D.~J. and {Kuehn}, K. and 
	{Kuropatkin}, N. and {Lahav}, O. and {Li}, T.~S. and {Lima}, M. and 
	{March}, M. and {Martini}, P. and {Miquel}, R. and {Mohr}, J.~J. and 
	{Neilsen}, E. and {Nord}, B. and {Ogando}, R. and {Reil}, K. and 
	{Romer}, A.~K. and {Roodman}, A. and {Sako}, M. and {Sanchez}, E. and 
	{Scarpine}, V. and {Schubnell}, M. and {Sevilla-Noarbe}, I. and 
	{Smith}, R.~C. and {Soares-Santos}, M. and {Sobreira}, F. and 
	{Swanson}, M.~E.~C. and {Tarle}, G. and {Thaler}, J. and {Thomas}, D. and 
	{Walker}, A.~R. and {Wechsler}, R.~H.},
    title = "{The DES Science Verification weak lensing shear catalogues}",
  journal = {\mnras},
archivePrefix = "arXiv",
   eprint = {1507.05603},
 primaryClass = "astro-ph.IM",
 keywords = {gravitational lensing: weak, methods: data analysis, techniques: image processing, catalogues, surveys, cosmology: observations},
     year = 2016,
    month = aug,
   volume = 460,
    pages = {2245-2281},
      doi = {10.1093/mnras/stw990},
   adsurl = {http://adsabs.harvard.edu/abs/2016MNRAS.460.2245J},
  adsnote = {Provided by the SAO/NASA Astrophysics Data System}
}

@ARTICLE{2017MNRAS.467.3024L,
   author = {{Leauthaud}, A. and {Saito}, S. and {Hilbert}, S. and {Barreira}, A. and 
	{More}, S. and {White}, M. and {Alam}, S. and {Behroozi}, P. and 
	{Bundy}, K. and {Coupon}, J. and {Erben}, T. and {Heymans}, C. and 
	{Hildebrandt}, H. and {Mandelbaum}, R. and {Miller}, L. and 
	{Moraes}, B. and {Pereira}, M.~E.~S. and {Rodr{\'{\i}}guez-Torres}, S.~A. and 
	{Schmidt}, F. and {Shan}, H.-Y. and {Viel}, M. and {Villaescusa-Navarro}, F.
	},
    title = "{Lensing is low: cosmology, galaxy formation or new physics?}",
  journal = {\mnras},
archivePrefix = "arXiv",
   eprint = {1611.08606},
     year = 2017,
    month = may,
   volume = 467,
    pages = {3024-3047},
      doi = {10.1093/mnras/stx258},
   adsurl = {http://adsabs.harvard.edu/abs/2017MNRAS.467.3024L},
  adsnote = {Provided by the SAO/NASA Astrophysics Data System}
}

@ARTICLE{2010ApJ...709...97L,
   author = {{Leauthaud}, A. and {Finoguenov}, A. and {Kneib}, J.-P. and 
	{Taylor}, J.~E. and {Massey}, R. and {Rhodes}, J. and {Ilbert}, O. and 
	{Bundy}, K. and {Tinker}, J. and {George}, M.~R. and {Capak}, P. and 
	{Koekemoer}, A.~M. and {Johnston}, D.~E. and {Zhang}, Y.-Y. and 
	{Cappelluti}, N. and {Ellis}, R.~S. and {Elvis}, M. and {Giodini}, S. and 
	{Heymans}, C. and {Le F{\`e}vre}, O. and {Lilly}, S. and {McCracken}, H.~J. and 
	{Mellier}, Y. and {R{\'e}fr{\'e}gier}, A. and {Salvato}, M. and 
	{Scoville}, N. and {Smoot}, G. and {Tanaka}, M. and {Van Waerbeke}, L. and 
	{Wolk}, M.},
    title = "{A Weak Lensing Study of X-ray Groups in the Cosmos Survey: Form and Evolution of the Mass-Luminosity Relation}",
  journal = {\apj},
archivePrefix = "arXiv",
   eprint = {0910.5219},
 keywords = {cosmology: observations, gravitational lensing, large-scale structure of universe},
     year = 2010,
    month = jan,
   volume = 709,
    pages = {97-114},
      doi = {10.1088/0004-637X/709/1/97},
   adsurl = {http://adsabs.harvard.edu/abs/2010ApJ...709...97L},
  adsnote = {Provided by the SAO/NASA Astrophysics Data System}
}


@ARTICLE{2007MNRAS.380..229M,
   author = {{Massey}, R. and {Rowe}, B. and {Refregier}, A. and {Bacon}, D.~J. and
	{Berg{\'e}}, J.},
    title = "{Weak gravitational shear and flexion with polar shapelets}",
  journal = {\mnras},
   eprint = {astro-ph/0609795},
 keywords = {gravitational lensing, methods: data analysis, techniques: image processing},
     year = 2007,
    month = sep,
   volume = 380,
    pages = {229-245},
      doi = {10.1111/j.1365-2966.2007.12072.x},
   adsurl = {http://adsabs.harvard.edu/abs/2007MNRAS.380..229M},
  adsnote = {Provided by the SAO/NASA Astrophysics Data System}
}

@ARTICLE{2010MNRAS.406.2793B,
   author = {{Bernstein}, G.~M.},
    title = "{Shape measurement biases from underfitting and ellipticity gradients}",
  journal = {\mnras},
archivePrefix = "arXiv",
   eprint = {1001.2333},
 primaryClass = "astro-ph.IM",
 keywords = {gravitational lensing: weak, techniques: image processing, methods: data analysis},
     year = 2010,
    month = aug,
   volume = 406,
    pages = {2793-2804},
      doi = {10.1111/j.1365-2966.2010.16883.x},
   adsurl = {http://adsabs.harvard.edu/abs/2010MNRAS.406.2793B},
  adsnote = {Provided by the SAO/NASA Astrophysics Data System}
}

@ARTICLE{2011MNRAS.414.1047Z,
   author = {{Zhang}, J. and {Komatsu}, E.},
    title = "{Cosmic shears should not be measured in conventional ways}",
  journal = {\mnras},
archivePrefix = "arXiv",
   eprint = {1002.3615},
 keywords = {gravitational lensing: weak, methods: data analysis, techniques: image processing, large-scale structure of Universe},
     year = 2011,
    month = jun,
   volume = 414,
    pages = {1047-1058},
      doi = {10.1111/j.1365-2966.2011.18436.x},
   adsurl = {http://adsabs.harvard.edu/abs/2011MNRAS.414.1047Z},
  adsnote = {Provided by the SAO/NASA Astrophysics Data System}
}

@ARTICLE{2012MNRAS.424.2757M,
   author = {{Melchior}, P. and {Viola}, M.},
    title = "{Means of confusion: how pixel noise affects shear estimates for weak gravitational lensing}",
  journal = {\mnras},
archivePrefix = "arXiv",
   eprint = {1204.5147},
 primaryClass = "astro-ph.IM",
 keywords = {gravitational lensing: weak, techniques: image processing },
     year = 2012,
    month = aug,
   volume = 424,
    pages = {2757-2769},
      doi = {10.1111/j.1365-2966.2012.21381.x},
   adsurl = {http://adsabs.harvard.edu/abs/2012MNRAS.424.2757M},
  adsnote = {Provided by the SAO/NASA Astrophysics Data System}
}


@ARTICLE{2010MNRAS.404..458V,
   author = {{Voigt}, L.~M. and {Bridle}, S.~L.},
    title = "{Limitations of model-fitting methods for lensing shear estimation}",
  journal = {\mnras},
archivePrefix = "arXiv",
   eprint = {0905.4801},
 keywords = {gravitational lensing, methods: data analysis, cosmology: observations},
     year = 2010,
    month = may,
   volume = 404,
    pages = {458-467},
      doi = {10.1111/j.1365-2966.2010.16300.x},
   adsurl = {http://adsabs.harvard.edu/abs/2010MNRAS.404..458V},
  adsnote = {Provided by the SAO/NASA Astrophysics Data System}
}

@ARTICLE{2010A&A...510A..75M,
   author = {{Melchior}, P. and {B{\"o}hnert}, A. and {Lombardi}, M. and
	{Bartelmann}, M.},
    title = "{Limitations on shapelet-based weak-lensing measurements}",
  journal = {\aap},
archivePrefix = "arXiv",
   eprint = {0906.5092},
 primaryClass = "astro-ph.IM",
 keywords = {gravitational lensing: weak, techniques: image processing, methods: numerical},
     year = 2010,
    month = feb,
   volume = 510,
      eid = {A75},
    pages = {A75},
      doi = {10.1051/0004-6361/200912785},
   adsurl = {http://adsabs.harvard.edu/abs/2010A%26A...510A..75M},
  adsnote = {Provided by the SAO/NASA Astrophysics Data System}
}

@ARTICLE{2012MNRAS.425.1951R,
   author = {{Refregier}, A. and {Kacprzak}, T. and {Amara}, A. and {Bridle}, S. and
	{Rowe}, B.},
    title = "{Noise bias in weak lensing shape measurements}",
  journal = {\mnras},
archivePrefix = "arXiv",
   eprint = {1203.5050},
 keywords = {gravitational lensing: weak, methods: statistical, techniques: image processing, cosmology: observations, dark energy, dark matter },
     year = 2012,
    month = sep,
   volume = 425,
    pages = {1951-1957},
      doi = {10.1111/j.1365-2966.2012.21483.x},
   adsurl = {http://adsabs.harvard.edu/abs/2012MNRAS.425.1951R},
  adsnote = {Provided by the SAO/NASA Astrophysics Data System}
}

@ARTICLE{2012MNRAS.427.2711K,
   author = {{Kacprzak}, T. and {Zuntz}, J. and {Rowe}, B. and {Bridle}, S. and
	{Refregier}, A. and {Amara}, A. and {Voigt}, L. and {Hirsch}, M.
	},
    title = "{Measurement and calibration of noise bias in weak lensing galaxy shape estimation}",
  journal = {\mnras},
archivePrefix = "arXiv",
   eprint = {1203.5049},
 keywords = {gravitational lensing: weak, methods: data analysis, methods: statistical, techniques: image processing, cosmology: observations},
     year = 2012,
    month = dec,
   volume = 427,
    pages = {2711-2722},
      doi = {10.1111/j.1365-2966.2012.21622.x},
   adsurl = {http://adsabs.harvard.edu/abs/2012MNRAS.427.2711K},
  adsnote = {Provided by the SAO/NASA Astrophysics Data System}
}

@ARTICLE{2016MNRAS.459.4467B,
   author = {{Bernstein}, G.~M. and {Armstrong}, R. and {Krawiec}, C. and
	{March}, M.~C.},
    title = "{An accurate and practical method for inference of weak gravitational lensing from galaxy images}",
  journal = {\mnras},
archivePrefix = "arXiv",
   eprint = {1508.05655},
 primaryClass = "astro-ph.IM",
 keywords = {gravitational lensing: weak, methods: data analysis},
     year = 2016,
    month = jul,
   volume = 459,
    pages = {4467-4484},
      doi = {10.1093/mnras/stw879},
   adsurl = {http://adsabs.harvard.edu/abs/2016MNRAS.459.4467B},
  adsnote = {Provided by the SAO/NASA Astrophysics Data System}
}

@ARTICLE{2014MNRAS.438.1880B,
   author = {{Bernstein}, G.~M. and {Armstrong}, R.},
    title = "{Bayesian lensing shear measurement}",
  journal = {\mnras},
archivePrefix = "arXiv",
   eprint = {1304.1843},
 keywords = {gravitational lensing: weak, methods: data analysis},
     year = 2014,
    month = feb,
   volume = 438,
    pages = {1880-1893},
      doi = {10.1093/mnras/stt2326},
   adsurl = {http://adsabs.harvard.edu/abs/2014MNRAS.438.1880B},
  adsnote = {Provided by the SAO/NASA Astrophysics Data System}
}

@ARTICLE{2015ApJ...807...87S,
   author = {{Schneider}, M.~D. and {Hogg}, D.~W. and {Marshall}, P.~J. and
	{Dawson}, W.~A. and {Meyers}, J. and {Bard}, D.~J. and {Lang}, D.
	},
    title = "{Hierarchical Probabilistic Inference of Cosmic Shear}",
  journal = {\apj},
archivePrefix = "arXiv",
   eprint = {1411.2608},
 keywords = {catalogs, cosmology: observations, gravitational lensing: weak, methods: data analysis, methods: statistical, surveys},
     year = 2015,
    month = jul,
   volume = 807,
      eid = {87},
    pages = {87},
      doi = {10.1088/0004-637X/807/1/87},
   adsurl = {http://adsabs.harvard.edu/abs/2015ApJ...807...87S},
  adsnote = {Provided by the SAO/NASA Astrophysics Data System}
}

@ARTICLE{2016arXiv160605337F,
   author = {{Fenech Conti}, I. and {Herbonnet}, R. and {Hoekstra}, H. and
	{Merten}, J. and {Miller}, L. and {Viola}, M.},
    title = "{Calibration of weak-lensing shear in the Kilo-Degree Survey}",
  journal = {ArXiv e-prints},
archivePrefix = "arXiv",
   eprint = {1606.05337},
 keywords = {Astrophysics - Cosmology and Nongalactic Astrophysics, Astrophysics - Instrumentation and Methods for Astrophysics},
     year = 2016,
    month = jun,
   adsurl = {http://adsabs.harvard.edu/abs/2016arXiv160605337F},
  adsnote = {Provided by the SAO/NASA Astrophysics Data System}
}

@ARTICLE{2017MNRAS.467.1627F,
   author = {{Fenech Conti}, I. and {Herbonnet}, R. and {Hoekstra}, H. and 
	{Merten}, J. and {Miller}, L. and {Viola}, M.},
    title = "{Calibration of weak-lensing shear in the Kilo-Degree Survey}",
  journal = {\mnras},
archivePrefix = "arXiv",
   eprint = {1606.05337},
 keywords = {gravitational lensing: weak, surveys, cosmology: observations},
     year = 2017,
    month = may,
   volume = 467,
    pages = {1627-1651},
      doi = {10.1093/mnras/stx200},
   adsurl = {http://adsabs.harvard.edu/abs/2017MNRAS.467.1627F},
  adsnote = {Provided by the SAO/NASA Astrophysics Data System}
}


@ARTICLE{2004MNRAS.353..529H,
   author = {{Hirata}, C.~M. and {Mandelbaum}, R. and {Seljak}, U. and {Guzik}, J. and
	{Padmanabhan}, N. and {Blake}, C. and {Brinkmann}, J. and {Bud{\'a}vari}, T. and
	{Connolly}, A. and {Csabai}, I. and {Scranton}, R. and {Szalay}, A.~S.
	},
    title = "{Galaxy-galaxy weak lensing in the Sloan Digital Sky Survey: intrinsic alignments and shear calibration errors}",
  journal = {\mnras},
   eprint = {astro-ph/0403255},
 keywords = {gravitational lensing, galaxies: haloes},
     year = 2004,
    month = sep,
   volume = 353,
    pages = {529-549},
      doi = {10.1111/j.1365-2966.2004.08090.x},
   adsurl = {http://adsabs.harvard.edu/abs/2004MNRAS.353..529H},
  adsnote = {Provided by the SAO/NASA Astrophysics Data System}
}

@ARTICLE{2015MNRAS.450.2963M,
   author = {{Mandelbaum}, R. and {Rowe}, B. and {Armstrong}, R. and {Bard}, D. and
	{Bertin}, E. and {Bosch}, J. and {Boutigny}, D. and {Courbin}, F. and
	{Dawson}, W.~A. and {Donnarumma}, A. and {Fenech Conti}, I. and
	{Gavazzi}, R. and {Gentile}, M. and {Gill}, M.~S.~S. and {Hogg}, D.~W. and
	{Huff}, E.~M. and {Jee}, M.~J. and {Kacprzak}, T. and {Kilbinger}, M. and
	{Kuntzer}, T. and {Lang}, D. and {Luo}, W. and {March}, M.~C. and
	{Marshall}, P.~J. and {Meyers}, J.~E. and {Miller}, L. and {Miyatake}, H. and
	{Nakajima}, R. and {Ngol{\'e} Mboula}, F.~M. and {Nurbaeva}, G. and
	{Okura}, Y. and {Paulin-Henriksson}, S. and {Rhodes}, J. and
	{Schneider}, M.~D. and {Shan}, H. and {Sheldon}, E.~S. and {Simet}, M. and
	{Starck}, J.-L. and {Sureau}, F. and {Tewes}, M. and {Zarb Adami}, K. and
	{Zhang}, J. and {Zuntz}, J.},
    title = "{GREAT3 results - I. Systematic errors in shear estimation and the impact of real galaxy morphology}",
  journal = {\mnras},
archivePrefix = "arXiv",
   eprint = {1412.1825},
 keywords = {gravitational lensing: weak, methods: data analysis, techniques: image processing, cosmology: observations},
     year = 2015,
    month = jul,
   volume = 450,
    pages = {2963-3007},
      doi = {10.1093/mnras/stv781},
   adsurl = {http://adsabs.harvard.edu/abs/2015MNRAS.450.2963M},
  adsnote = {Provided by the SAO/NASA Astrophysics Data System}
}

@ARTICLE{2014ApJS..212....5M,
   author = {{Mandelbaum}, R. and {Rowe}, B. and {Bosch}, J. and {Chang}, C. and
	{Courbin}, F. and {Gill}, M. and {Jarvis}, M. and {Kannawadi}, A. and
	{Kacprzak}, T. and {Lackner}, C. and et~al.},
    title = "{The Third Gravitational Lensing Accuracy Testing (GREAT3) Challenge Handbook}",
  journal = {\apjs},
archivePrefix = "arXiv",
   eprint = {1308.4982},
 keywords = {gravitational lensing: weak, methods: data analysis, methods: statistical, techniques: image processing },
     year = 2014,
    month = may,
   volume = 212,
      eid = {5},
    pages = {5},
      doi = {10.1088/0067-0049/212/1/5},
   adsurl = {http://adsabs.harvard.edu/abs/2014ApJS..212....5M},
  adsnote = {Provided by the SAO/NASA Astrophysics Data System}
}

@ARTICLE{2012MNRAS.423.3163K,
   author = {{Kitching}, T.~D. and {Balan}, S.~T. and {Bridle}, S. and {Cantale}, N. and
	{Courbin}, F. and {Eifler}, T. and {Gentile}, M. and {Gill}, M.~S.~S. and
	{Harmeling}, S. and {Heymans}, C. and {Hirsch}, M. and et~al.
	},
    title = "{Image analysis for cosmology: results from the GREAT10 Galaxy Challenge}",
  journal = {\mnras},
archivePrefix = "arXiv",
   eprint = {1202.5254},
 primaryClass = "astro-ph.CO",
 keywords = {gravitational lensing: weak, methods: statistical, techniques: image processing, cosmology: observations},
     year = 2012,
    month = jul,
   volume = 423,
    pages = {3163-3208},
      doi = {10.1111/j.1365-2966.2012.21095.x},
   adsurl = {http://adsabs.harvard.edu/abs/2012MNRAS.423.3163K},
  adsnote = {Provided by the SAO/NASA Astrophysics Data System}
}

@ARTICLE{2010arXiv1009.0779K,
   author = {{Kitching}, T. and {Balan}, S. and {Bernstein}, G. and {Bethge}, M. and
	{Bridle}, S. and {Courbin}, F. and {Gentile}, M. and et~al.},
    title = "{Gravitational Lensing Accuracy Testing 2010 (GREAT10) Challenge Handbook}",
  journal = {AOAS},
archivePrefix = "arXiv",
   eprint = {1009.0779},
 primaryClass = "astro-ph.CO",
 keywords = {Astrophysics - Cosmology and Extragalactic Astrophysics, Statistics - Applications},
     year = 2010,
    month = sep,
   volume = 5,
    issue = 3,
    pages = {2231-2263},
   adsurl = {http://adsabs.harvard.edu/abs/2010arXiv1009.0779K},
  adsnote = {Provided by the SAO/NASA Astrophysics Data System}
}

@ARTICLE{2007MNRAS.376...13M,
   author = {{Massey}, R. and {Heymans}, C. and {Berg{\'e}}, J. and {Bernstein}, G. and
	{Bridle}, S. and {Clowe}, D. and {Dahle}, H. and {Ellis}, R. and et~al.
},
    title = "{The Shear Testing Programme 2: Factors affecting high-precision weak-lensing analyses}",
  journal = {\mnras},
   eprint = {arXiv:astro-ph/0608643},
 keywords = {gravitational lensing, methods: data analysis, cosmology: observations},
     year = 2007,
    month = mar,
   volume = 376,
    pages = {13-38},
      doi = {10.1111/j.1365-2966.2006.11315.x},
   adsurl = {http://adsabs.harvard.edu/abs/2007MNRAS.376...13M},
  adsnote = {Provided by the SAO/NASA Astrophysics Data System}
}


@ARTICLE{2006MNRAS.368.1323H,
   author = {{Heymans}, C. and {Van Waerbeke}, L. and {Bacon}, D. and {Berge}, J. and
	{Bernstein}, G. and {Bertin}, E. and {Bridle}, S. and et~al.},
    title = "{The Shear Testing Programme - I. Weak lensing analysis of simulated ground-based observations}",
  journal = {\mnras},
   eprint = {astro-ph/0506112},
 keywords = {gravitational lensing , cosmology: observations , large-scale structure of Universe},
     year = 2006,
    month = may,
   volume = 368,
    pages = {1323-1339},
      doi = {10.1111/j.1365-2966.2006.10198.x},
   adsurl = {http://adsabs.harvard.edu/abs/2006MNRAS.368.1323H},
  adsnote = {Provided by the SAO/NASA Astrophysics Data System}
}

@ARTICLE{2009AnApS...3....6B,
   author = {{Bridle}, S. and {Shawe-Taylor}, J. and {Amara}, A. and {Applegate}, D. and
	{Balan}, S.~T. and {Berge}, Joel and {Bernstein}, G. and {Dahle}, H. and
	{Erben}, T. and et~al.},
    title = "{Handbook for the GREAT08 Challenge: An image analysis competition for cosmological lensing}",
  journal = {Annals of Applied Statistics},
archivePrefix = "arXiv",
   eprint = {0802.1214},
 keywords = {Inference, inverse problems, astronomy},
     year = 2009,
   volume = 3,
    pages = {6-37},
      doi = {10.1214/08-AOAS222},
   adsurl = {http://adsabs.harvard.edu/abs/2009AnApS...3....6B},
  adsnote = {Provided by the SAO/NASA Astrophysics Data System}
}

@ARTICLE{2010MNRAS.405.2044B,
   author = {{Bridle}, S. and {Balan}, S.~T. and {Bethge}, M. and {Gentile}, M. and
	{Harmeling}, S. and {Heymans}, C. and {Hirsch}, M. and {Hosseini}, R. and
	{Jarvis}, M. and {Kirk}, D. and et~al.},
    title = "{Results of the GREAT08 Challenge: an image analysis competition for cosmological lensing}",
  journal = {\mnras},
archivePrefix = "arXiv",
   eprint = {0908.0945},
 primaryClass = "astro-ph.CO",
 keywords = {gravitational lensing: weak, methods: data analysis, methods: statistical, techniques: image processing, cosmology: observations, large-scale structure of Universe},
     year = 2010,
    month = jul,
   volume = 405,
    pages = {2044-2061},
      doi = {10.1111/j.1365-2966.2010.16598.x},
   adsurl = {http://adsabs.harvard.edu/abs/2010MNRAS.405.2044B},
  adsnote = {Provided by the SAO/NASA Astrophysics Data System}
}


@ARTICLE{2013MNRAS.432.1544M,
   author = {{Mandelbaum}, R. and {Slosar}, A. and {Baldauf}, T. and {Seljak}, U. and
	{Hirata}, C.~M. and {Nakajima}, R. and {Reyes}, R. and {Smith}, R.~E.
	},
    title = "{Cosmological parameter constraints from galaxy-galaxy lensing and galaxy clustering with the SDSS DR7}",
  journal = {\mnras},
archivePrefix = "arXiv",
   eprint = {1207.1120},
 primaryClass = "astro-ph.CO",
 keywords = {gravitational lensing: weak, cosmological parameters, cosmology: observations, large-scale structure of Universe},
     year = 2013,
    month = jun,
   volume = 432,
    pages = {1544-1575},
      doi = {10.1093/mnras/stt572},
   adsurl = {http://adsabs.harvard.edu/abs/2013MNRAS.432.1544M},
  adsnote = {Provided by the SAO/NASA Astrophysics Data System}
}

@ARTICLE{2005MNRAS.361.1287M,
   author = {{Mandelbaum}, R. and {Hirata}, C.~M. and {Seljak}, U. and {Guzik}, J. and
	{Padmanabhan}, N. and {Blake}, C. and {Blanton}, M.~R. and {Lupton}, R. and
	{Brinkmann}, J.},
    title = "{Systematic errors in weak lensing: application to SDSS galaxy-galaxy weak lensing}",
  journal = {\mnras},
   eprint = {astro-ph/0501201},
 keywords = {gravitational lensing, galaxies: distances and redshifts, galaxies: halos},
     year = 2005,
    month = aug,
   volume = 361,
    pages = {1287-1322},
      doi = {10.1111/j.1365-2966.2005.09282.x},
   adsurl = {http://adsabs.harvard.edu/abs/2005MNRAS.361.1287M},
  adsnote = {Provided by the SAO/NASA Astrophysics Data System}
}

@ARTICLE{2012MNRAS.425.2610R,
   author = {{Reyes}, R. and {Mandelbaum}, R. and {Gunn}, J.~E. and {Nakajima}, R. and
	{Seljak}, U. and {Hirata}, C.~M.},
    title = "{Optical-to-virial velocity ratios of local disc galaxies from combined kinematics and galaxy-galaxy lensing}",
  journal = {\mnras},
 keywords = {gravitational lensing: weak, galaxies: kinematics and dynamics, galaxies: spiral},
     year = 2012,
    month = oct,
   volume = 425,
    pages = {2610-2640},
      doi = {10.1111/j.1365-2966.2012.21472.x},
   adsurl = {http://adsabs.harvard.edu/abs/2012MNRAS.425.2610R},
  adsnote = {Provided by the SAO/NASA Astrophysics Data System}
}

@ARTICLE{2003MNRAS.343..459H,
   author = {{Hirata}, C. and {Seljak}, U.},
    title = "{Shear calibration biases in weak-lensing surveys}",
  journal = {\mnras},
   eprint = {astro-ph/0301054},
 keywords = {gravitational lensing, methods: data analysis},
     year = 2003,
    month = aug,
   volume = 343,
    pages = {459-480},
      doi = {10.1046/j.1365-8711.2003.06683.x},
   adsurl = {http://adsabs.harvard.edu/abs/2003MNRAS.343..459H},
  adsnote = {Provided by the SAO/NASA Astrophysics Data System}
}

@ARTICLE{2015A&C....10..121R,
   author = {{Rowe}, B.~T.~P. and {Jarvis}, M. and {Mandelbaum}, R. and {Bernstein}, G.~M. and
	{Bosch}, J. and {Simet}, M. and {Meyers}, J.~E. and {Kacprzak}, T. and
	{Nakajima}, R. and {Zuntz}, J. and {Miyatake}, H. and {Dietrich}, J.~P. and
	{Armstrong}, R. and {Melchior}, P. and {Gill}, M.~S.~S.},
    title = "{GALSIM: The modular galaxy image simulation toolkit}",
  journal = {Astronomy and Computing},
archivePrefix = "arXiv",
   eprint = {1407.7676},
 primaryClass = "astro-ph.IM",
 keywords = {Methods: data analysis, Techniques: image processing, Gravitational lensing, Cosmology: observations},
     year = 2015,
    month = apr,
   volume = 10,
    pages = {121-150},
      doi = {10.1016/j.ascom.2015.02.002},
   adsurl = {http://adsabs.harvard.edu/abs/2015A%26C....10..121R},
  adsnote = {Provided by the SAO/NASA Astrophysics Data System}
}

@ARTICLE{1995ApJ...449..460K,
   author = {{Kaiser}, N. and {Squires}, G. and {Broadhurst}, T.},
    title = "{A Method for Weak Lensing Observations}",
  journal = {\apj},
   eprint = {astro-ph/9411005},
 keywords = {COSMOLOGY: OBSERVATIONS, COSMOLOGY: DARK MATTER, GALAXIES: FORMATION, COSMOLOGY: GRAVITATIONAL LENSING, COSMOLOGY: LARGE-SCALE STRUCTURE OF UNIVERSE},
     year = 1995,
    month = aug,
   volume = 449,
    pages = {460},
      doi = {10.1086/176071},
   adsurl = {http://adsabs.harvard.edu/abs/1995ApJ...449..460K},
  adsnote = {Provided by the SAO/NASA Astrophysics Data System}
}

@ARTICLE{2002AJ....123..583B,
   author = {{Bernstein}, G.~M. and {Jarvis}, M.},
    title = "{Shapes and Shears, Stars and Smears: Optimal Measurements for Weak Lensing}",
  journal = {\aj},
   eprint = {astro-ph/0107431},
 keywords = {Cosmology: Gravitational Lensing, Methods: Data Analysis, Techniques: Image Processing},
     year = 2002,
    month = feb,
   volume = 123,
    pages = {583-618},
      doi = {10.1086/338085},
   adsurl = {http://adsabs.harvard.edu/abs/2002AJ....123..583B},
  adsnote = {Provided by the SAO/NASA Astrophysics Data System}
}

@ARTICLE{2011PASP..123..596J,
   author = {{Jee}, M.~J. and {Tyson}, J.~A.},
    title = "{Toward Precision LSST Weak-Lensing Measurement. I. Impacts of Atmospheric Turbulence and Optical Aberration}",
  journal = {\pasp},
archivePrefix = "arXiv",
   eprint = {1011.1913},
 primaryClass = "astro-ph.IM",
     year = 2011,
    month = may,
   volume = 123,
    pages = {596-614},
      doi = {10.1086/660137},
   adsurl = {http://adsabs.harvard.edu/abs/2011PASP..123..596J},
  adsnote = {Provided by the SAO/NASA Astrophysics Data System}
}

@ARTICLE{2004MNRAS.352..338J,
   author = {{Jarvis}, M. and {Bernstein}, G. and {Jain}, B.},
    title = "{The skewness of the aperture mass statistic}",
  journal = {\mnras},
   eprint = {astro-ph/0307393},
 keywords = {gravitational lensing},
     year = 2004,
    month = jul,
   volume = 352,
    pages = {338-352},
      doi = {10.1111/j.1365-2966.2004.07926.x},
   adsurl = {http://adsabs.harvard.edu/abs/2004MNRAS.352..338J},
  adsnote = {Provided by the SAO/NASA Astrophysics Data System}
}

@ARTICLE{2013AJ....145...10D,
   author = {{Dawson}, K.~S. and {Schlegel}, D.~J. and {Ahn}, C.~P. and {Anderson}, S.~F. and 
	{Aubourg}, {\'E}. and {Bailey}, S. and {Barkhouser}, R.~H. and 
	{Bautista}, J.~E. and {Beifiori}, A. and {Berlind}, A.~A. and 
	{Bhardwaj}, V. and {Bizyaev}, D. and {Blake}, C.~H. and {Blanton}, M.~R. and 
	{Blomqvist}, M. and {Bolton}, A.~S. and {Borde}, A. and {Bovy}, J. and 
	{Brandt}, W.~N. and {Brewington}, H. and {Brinkmann}, J. and 
	{Brown}, P.~J. and {Brownstein}, J.~R. and {Bundy}, K. and {Busca}, N.~G. and 
	{Carithers}, W. and {Carnero}, A.~R. and {Carr}, M.~A. and {Chen}, Y. and 
	{Comparat}, J. and {Connolly}, N. and {Cope}, F. and {Croft}, R.~A.~C. and 
	{Cuesta}, A.~J. and {da Costa}, L.~N. and {Davenport}, J.~R.~A. and 
	{Delubac}, T. and {de Putter}, R. and {Dhital}, S. and {Ealet}, A. and 
	{Ebelke}, G.~L. and {Eisenstein}, D.~J. and {Escoffier}, S. and 
	{Fan}, X. and {Filiz Ak}, N. and {Finley}, H. and {Font-Ribera}, A. and 
	{G{\'e}nova-Santos}, R. and {Gunn}, J.~E. and {Guo}, H. and 
	{Haggard}, D. and {Hall}, P.~B. and {Hamilton}, J.-C. and {Harris}, B. and 
	{Harris}, D.~W. and {Ho}, S. and {Hogg}, D.~W. and {Holder}, D. and 
	{Honscheid}, K. and {Huehnerhoff}, J. and {Jordan}, B. and {Jordan}, W.~P. and 
	{Kauffmann}, G. and {Kazin}, E.~A. and {Kirkby}, D. and {Klaene}, M.~A. and 
	{Kneib}, J.-P. and {Le Goff}, J.-M. and {Lee}, K.-G. and {Long}, D.~C. and 
	{Loomis}, C.~P. and {Lundgren}, B. and {Lupton}, R.~H. and {Maia}, M.~A.~G. and 
	{Makler}, M. and {Malanushenko}, E. and {Malanushenko}, V. and 
	{Mandelbaum}, R. and {Manera}, M. and {Maraston}, C. and {Margala}, D. and 
	{Masters}, K.~L. and {McBride}, C.~K. and {McDonald}, P. and 
	{McGreer}, I.~D. and {McMahon}, R.~G. and {Mena}, O. and {Miralda-Escud{\'e}}, J. and 
	{Montero-Dorta}, A.~D. and {Montesano}, F. and {Muna}, D. and 
	{Myers}, A.~D. and {Naugle}, T. and {Nichol}, R.~C. and {Noterdaeme}, P. and 
	{Nuza}, S.~E. and {Olmstead}, M.~D. and {Oravetz}, A. and {Oravetz}, D.~J. and 
	{Owen}, R. and {Padmanabhan}, N. and {Palanque-Delabrouille}, N. and 
	{Pan}, K. and {Parejko}, J.~K. and {P{\^a}ris}, I. and {Percival}, W.~J. and 
	{P{\'e}rez-Fournon}, I. and {P{\'e}rez-R{\`a}fols}, I. and {Petitjean}, P. and 
	{Pfaffenberger}, R. and {Pforr}, J. and {Pieri}, M.~M. and {Prada}, F. and 
	{Price-Whelan}, A.~M. and {Raddick}, M.~J. and {Rebolo}, R. and 
	{Rich}, J. and {Richards}, G.~T. and {Rockosi}, C.~M. and {Roe}, N.~A. and 
	{Ross}, A.~J. and {Ross}, N.~P. and {Rossi}, G. and {Rubi{\~n}o-Martin}, J.~A. and 
	{Samushia}, L. and {S{\'a}nchez}, A.~G. and {Sayres}, C. and 
	{Schmidt}, S.~J. and {Schneider}, D.~P. and {Sc{\'o}ccola}, C.~G. and 
	{Seo}, H.-J. and {Shelden}, A. and {Sheldon}, E. and {Shen}, Y. and 
	{Shu}, Y. and {Slosar}, A. and {Smee}, S.~A. and {Snedden}, S.~A. and 
	{Stauffer}, F. and {Steele}, O. and {Strauss}, M.~A. and {Streblyanska}, A. and 
	{Suzuki}, N. and {Swanson}, M.~E.~C. and {Tal}, T. and {Tanaka}, M. and 
	{Thomas}, D. and {Tinker}, J.~L. and {Tojeiro}, R. and {Tremonti}, C.~A. and 
	{Vargas Maga{\~n}a}, M. and {Verde}, L. and {Viel}, M. and {Wake}, D.~A. and 
	{Watson}, M. and {Weaver}, B.~A. and {Weinberg}, D.~H. and {Weiner}, B.~J. and 
	{West}, A.~A. and {White}, M. and {Wood-Vasey}, W.~M. and {Yeche}, C. and 
	{Zehavi}, I. and {Zhao}, G.-B. and {Zheng}, Z.},
    title = "{The Baryon Oscillation Spectroscopic Survey of SDSS-III}",
  journal = {\aj},
archivePrefix = "arXiv",
   eprint = {1208.0022},
 keywords = {cosmology: observations, surveys},
     year = 2013,
    month = jan,
   volume = 145,
      eid = {10},
    pages = {10},
      doi = {10.1088/0004-6256/145/1/10},
   adsurl = {http://adsabs.harvard.edu/abs/2013AJ....145...10D},
  adsnote = {Provided by the SAO/NASA Astrophysics Data System}
}

@ARTICLE{2010MNRAS.404..350R,
   author = {{Rowe}, B.},
    title = "{Improving PSF modelling for weak gravitational lensing using new methods in model selection}",
  journal = {\mnras},
archivePrefix = "arXiv",
   eprint = {0904.3056},
 primaryClass = "astro-ph.CO",
 keywords = {gravitational lensing, methods: data analysis, methods: statistical, cosmology: observations, large-scale structure of Universe},
     year = 2010,
    month = may,
   volume = 404,
    pages = {350-366},
      doi = {10.1111/j.1365-2966.2010.16277.x},
   adsurl = {http://adsabs.harvard.edu/abs/2010MNRAS.404..350R},
  adsnote = {Provided by the SAO/NASA Astrophysics Data System}
}

@ARTICLE{2016MNRAS.457..786S,
   author = {{Suchyta}, E. and {Huff}, E.~M. and {Aleksi{\'c}}, J. and {Melchior}, P. and 
	{Jouvel}, S. and {MacCrann}, N. and {Ross}, A.~J. and {Crocce}, M. and 
	{Gaztanaga}, E. and {Honscheid}, K. and {Leistedt}, B. and {Peiris}, H.~V. and 
	{Rykoff}, E.~S. and {Sheldon}, E. and {Abbott}, T. and {Abdalla}, F.~B. and 
	{Allam}, S. and {Banerji}, M. and {Benoit-L{\'e}vy}, A. and 
	{Bertin}, E. and {Brooks}, D. and {Burke}, D.~L. and {Rosell}, A.~C. and 
	{Kind}, M.~C. and {Carretero}, J. and {Cunha}, C.~E. and {D'Andrea}, C.~B. and 
	{da Costa}, L.~N. and {DePoy}, D.~L. and {Desai}, S. and {Diehl}, H.~T. and 
	{Dietrich}, J.~P. and {Doel}, P. and {Eifler}, T.~F. and {Estrada}, J. and 
	{Evrard}, A.~E. and {Flaugher}, B. and {Fosalba}, P. and {Frieman}, J. and 
	{Gerdes}, D.~W. and {Gruen}, D. and {Gruendl}, R.~A. and {James}, D.~J. and 
	{Jarvis}, M. and {Kuehn}, K. and {Kuropatkin}, N. and {Lahav}, O. and 
	{Lima}, M. and {Maia}, M.~A.~G. and {March}, M. and {Marshall}, J.~L. and 
	{Miller}, C.~J. and {Miquel}, R. and {Neilsen}, E. and {Nichol}, R.~C. and 
	{Nord}, B. and {Ogando}, R. and {Percival}, W.~J. and {Reil}, K. and 
	{Roodman}, A. and {Sako}, M. and {Sanchez}, E. and {Scarpine}, V. and 
	{Sevilla-Noarbe}, I. and {Smith}, R.~C. and {Soares-Santos}, M. and 
	{Sobreira}, F. and {Swanson}, M.~E.~C. and {Tarle}, G. and {Thaler}, J. and 
	{Thomas}, D. and {Vikram}, V. and {Walker}, A.~R. and {Wechsler}, R.~H. and 
	{Zhang}, Y. and {DES Collaboration}},
    title = "{No galaxy left behind: accurate measurements with the faintest objects in the Dark Energy Survey}",
  journal = {\mnras},
archivePrefix = "arXiv",
   eprint = {1507.08336},
 keywords = {methods: data analysis, methods: miscellaneous, techniques: image processing, galaxies: statistics},
     year = 2016,
    month = mar,
   volume = 457,
    pages = {786-808},
      doi = {10.1093/mnras/stv2953},
   adsurl = {http://adsabs.harvard.edu/abs/2016MNRAS.457..786S},
  adsnote = {Provided by the SAO/NASA Astrophysics Data System}
}

@ARTICLE{1993ApJ...404..441K,
   author = {{Kaiser}, N. and {Squires}, G.},
    title = "{Mapping the dark matter with weak gravitational lensing}",
  journal = {\apj},
 keywords = {Cosmology, Dark Matter, Galactic Clusters, Gravitational Lenses, Ellipticity, Galactic Mass, Mass Distribution},
     year = 1993,
    month = feb,
   volume = 404,
    pages = {441-450},
      doi = {10.1086/172297},
   adsurl = {http://adsabs.harvard.edu/abs/1993ApJ...404..441K},
  adsnote = {Provided by the SAO/NASA Astrophysics Data System}
}

@ARTICLE{2013MNRAS.433.3373V,
   author = {{Van Waerbeke}, L. and {Benjamin}, J. and {Erben}, T. and {Heymans}, C. and 
	{Hildebrandt}, H. and {Hoekstra}, H. and {Kitching}, T.~D. and 
	{Mellier}, Y. and {Miller}, L. and {Coupon}, J. and {Harnois-D{\'e}raps}, J. and 
	{Fu}, L. and {Hudson}, M. and {Kilbinger}, M. and {Kuijken}, K. and 
	{Rowe}, B. and {Schrabback}, T. and {Semboloni}, E. and {Vafaei}, S. and 
	{van Uitert}, E. and {Velander}, M.},
    title = "{CFHTLenS: mapping the large-scale structure with gravitational lensing}",
  journal = {\mnras},
archivePrefix = "arXiv",
   eprint = {1303.1806},
 keywords = {dark matter, large-scale structure of Universe},
     year = 2013,
    month = aug,
   volume = 433,
    pages = {3373-3388},
      doi = {10.1093/mnras/stt971},
   adsurl = {http://adsabs.harvard.edu/abs/2013MNRAS.433.3373V},
  adsnote = {Provided by the SAO/NASA Astrophysics Data System}
}

@ARTICLE{1998AJ....116.1009R,
   author = {{Riess}, A.~G. and {Filippenko}, A.~V. and {Challis}, P. and 
	{Clocchiatti}, A. and {Diercks}, A. and {Garnavich}, P.~M. and 
	{Gilliland}, R.~L. and {Hogan}, C.~J. and {Jha}, S. and {Kirshner}, R.~P. and 
	{Leibundgut}, B. and {Phillips}, M.~M. and {Reiss}, D. and {Schmidt}, B.~P. and 
	{Schommer}, R.~A. and {Smith}, R.~C. and {Spyromilio}, J. and 
	{Stubbs}, C. and {Suntzeff}, N.~B. and {Tonry}, J.},
    title = "{Observational Evidence from Supernovae for an Accelerating Universe and a Cosmological Constant}",
  journal = {\aj},
     year = 1998,
    month = sep,
   volume = 116,
    pages = {1009-1038},
   adsurl = {http://adsabs.harvard.edu/cgi-bin/nph-bib_query?bibcode=1998AJ....116.1009R&db_key=AST},
  adsnote = {Provided by the NASA Astrophysics Data System}
}

@ARTICLE{1999ApJ...517..565P,
   author = {{Perlmutter}, S. and {Aldering}, G. and {Goldhaber}, G. and 
	{Knop}, R.~A. and {Nugent}, P. and {Castro}, P.~G. and {Deustua}, S. and 
	{Fabbro}, S. and {Goobar}, A. and {Groom}, D.~E. and {Hook}, I.~M. and 
	{Kim}, A.~G. and {Kim}, M.~Y. and {Lee}, J.~C. and {Nunes}, N.~J. and 
	{Pain}, R. and {Pennypacker}, C.~R. and {Quimby}, R. and {Lidman}, C. and 
	{Ellis}, R.~S. and {Irwin}, M. and {McMahon}, R.~G. and {Ruiz-Lapuente}, P. and 
	{Walton}, N. and {Schaefer}, B. and {Boyle}, B.~J. and {Filippenko}, A.~V. and 
	{Matheson}, T. and {Fruchter}, A.~S. and {Panagia}, N. and {Newberg}, H.~J.~M. and 
	{Couch}, W.~J. and {The Supernova Cosmology Project}},
    title = "{Measurements of Omega and Lambda from 42 High-Redshift Supernovae}",
  journal = {\apj},
     year = 1999,
    month = jun,
   volume = 517,
    pages = {565-586},
   adsurl = {http://adsabs.harvard.edu/cgi-bin/nph-bib_query?bibcode=1999ApJ...517..565P&db_key=AST},
  adsnote = {Provided by the NASA Astrophysics Data System}
}

@ARTICLE{2001PhR...340..291B,
    Author = {{Bartelmann}, M. and {Schneider}, P.},
    title = "{Weak gravitational lensing}",
    journal = {\physrep},
    year = 2001,
    month = jan,
    volume = 340,
    pages = {291-472},
    adsurl = {http://adsabs.harvard.edu/cgi-bin/nph-bib_query?bibcode=2001PhR...340..291B&db_key=PHY},
    adsnote = {Provided by the NASA Astrophysics Data System}
}

@ARTICLE{2003ARA&A..41..645R,
    Author = {{Refregier}, A.},
    title = "{Weak Gravitational Lensing by Large-Scale Structure}",
    journal = {\araa},
    year = 2003,
    volume = 41,
    pages = {645-668},
    adsurl = {http://adsabs.harvard.edu/cgi-bin/nph-bib_query?bibcode=2003ARA%26A..41..645R&amp;db_key=AST},
    adsnote = {Provided by the NASA Astrophysics Data System}
}

@ARTICLE{2000MNRAS.318..625B,
    author = {{Bacon}, D.\ J. and {Refregier}, A.\ R. and {Ellis}, R.\ S.},
    title = "Detection of weak gravitational lensing by large-scale structure",
    journal = {\mnras},
    year = 2000,
    month = oct,
    volume = 318,
    pages = {625--640},
    adsurl = {http://adsabs.harvard.edu/cgi-bin/nph-bib_query?bibcode=2000MNRAS.318..625B&db_key=AST},
    adsnote = {Provided by the NASA Astrophysics Data System}
}

@ARTICLE{2000A&A...358...30V,
    author = {{Van Waerbeke}, L. and {Mellier}, Y. and {Erben}, T. and {Cuillandre}, J.\ C. and 
        {Bernardeau}, F. and {Maoli}, R. and {Bertin}, E. and {Mc Cracken}, H.\ J. and 
        {Le F{\` e}vre}, O. and {Fort}, B. and {Dantel-Fort}, M. and 
        {Jain}, B. and {Schneider}, P.},
    title = "Detection of correlated galaxy ellipticities from CFHT data:  first evidence for gravitational lensing by large-scale structures",
    journal = {\aap},
    year = 2000,
    month = jun,
    volume = 358,
    pages = {30--44},
    adsurl = {http://adsabs.harvard.edu/cgi-bin/nph-bib_query?bibcode=2000A%26A...358...30V&db_key=AST},
    adsnote = {Provided by the NASA Astrophysics Data System}
}

@ARTICLE{2001ApJ...552L..85R,
    author = {{Rhodes}, J. and {Refregier}, A. and {Groth}, E.~J.},
    title = "{Detection of Cosmic Shear with the Hubble Space Telescope Survey Strip}",
    journal = {\apjl},
    year = 2001,
    month = may,
    volume = 552,
    pages = {L85-L88},
    adsurl = {http://adsabs.harvard.edu/cgi-bin/nph-bib_query?bibcode=2001ApJ...552L..85R&db_key=AST},
    adsnote = {Provided by the NASA Astrophysics Data System}
}

@ARTICLE{2002ApJ...572...55H,
    author = {{Hoekstra}, H. and {Yee}, H.~K.~C. and {Gladders}, M.~D. and 
        {Barrientos}, L.~F. and {Hall}, P.~B. and {Infante}, L.},
    title = "{A Measurement of Weak Lensing by Large-Scale Structure in Red-Sequence Cluster Survey Fields}",
    journal = {\apj},
    year = 2002,
    month = jun,
    volume = 572,
    pages = {55-65},
    adsurl = {http://adsabs.harvard.edu/cgi-bin/nph-bib_query?bibcode=2002ApJ...572...55H&db_key=AST},
    adsnote = {Provided by the NASA Astrophysics Data System}
}

@ARTICLE{2010A&A...516A..63S,
   author = {{Schrabback}, T. and {Hartlap}, J. and {Joachimi}, B. and {Kilbinger}, M. and 
	{Simon}, P. and {Benabed}, K. and {Brada{\v c}}, M. and {Eifler}, T. and 
	{Erben}, T. and {Fassnacht}, C.~D. and {High}, F.~W. and {Hilbert}, S. and 
	{Hildebrandt}, H. and {Hoekstra}, H. and {Kuijken}, K. and {Marshall}, P.~J. and 
	{Mellier}, Y. and {Morganson}, E. and {Schneider}, P. and {Semboloni}, E. and 
	{van Waerbeke}, L. and {Velander}, M.},
    title = "{Evidence of the accelerated expansion of the Universe from weak lensing tomography with COSMOS}",
  journal = {\aap},
archivePrefix = "arXiv",
   eprint = {0911.0053},
 primaryClass = "astro-ph.CO",
 keywords = {cosmological parameters, dark matter, large-scale structure of Universe, gravitational lensing: weak},
     year = 2010,
    month = jun,
   volume = 516,
    pages = {A63+},
      doi = {10.1051/0004-6361/200913577},
   adsurl = {http://adsabs.harvard.edu/abs/2010A%26A...516A..63S},
  adsnote = {Provided by the SAO/NASA Astrophysics Data System}
}

@ARTICLE{2010RPPh...73h6901M,
   author = {{Massey}, R. and {Kitching}, T. and {Richard}, J.},
    title = "{The dark matter of gravitational lensing}",
  journal = {Reports on Progress in Physics},
archivePrefix = "arXiv",
   eprint = {1001.1739},
 primaryClass = "astro-ph.CO",
     year = 2010,
    month = aug,
   volume = 73,
   number = 8,
    pages = {086901-+},
      doi = {10.1088/0034-4885/73/8/086901},
   adsurl = {http://adsabs.harvard.edu/abs/2010RPPh...73h6901M},
  adsnote = {Provided by the SAO/NASA Astrophysics Data System}
}

@ARTICLE{2008ARNPS..58...99H,
   author = {{Hoekstra}, H. and {Jain}, B.},
    title = "{Weak Gravitational Lensing and Its Cosmological Applications}",
  journal = {Annual Review of Nuclear and Particle Science},
archivePrefix = "arXiv",
   eprint = {0805.0139},
     year = 2008,
    month = nov,
   volume = 58,
    pages = {99-123},
      doi = {10.1146/annurev.nucl.58.110707.171151},
   adsurl = {http://adsabs.harvard.edu/abs/2008ARNPS..58...99H},
  adsnote = {Provided by the SAO/NASA Astrophysics Data System}
}

@ARTICLE{2013PhR...530...87W,
   author = {{Weinberg}, D.~H. and {Mortonson}, M.~J. and {Eisenstein}, D.~J. and 
	{Hirata}, C. and {Riess}, A.~G. and {Rozo}, E.},
    title = "{Observational probes of cosmic acceleration}",
  journal = {\physrep},
archivePrefix = "arXiv",
   eprint = {1201.2434},
     year = 2013,
    month = sep,
   volume = 530,
    pages = {87-255},
      doi = {10.1016/j.physrep.2013.05.001},
   adsurl = {http://adsabs.harvard.edu/abs/2013PhR...530...87W},
  adsnote = {Provided by the SAO/NASA Astrophysics Data System}
}

@ARTICLE{2015RPPh...78h6901K,
   author = {{Kilbinger}, M.},
    title = "{Cosmology with cosmic shear observations: a review}",
  journal = {Reports on Progress in Physics},
archivePrefix = "arXiv",
   eprint = {1411.0115},
     year = 2015,
    month = jul,
   volume = 78,
   number = 8,
      eid = {086901},
    pages = {086901},
      doi = {10.1088/0034-4885/78/8/086901},
   adsurl = {http://adsabs.harvard.edu/abs/2015RPPh...78h6901K},
  adsnote = {Provided by the SAO/NASA Astrophysics Data System}
}

@ARTICLE{2017MNRAS.465.1454H,
   author = {{Hildebrandt}, H. and {Viola}, M. and {Heymans}, C. and {Joudaki}, S. and 
	{Kuijken}, K. and {Blake}, C. and {Erben}, T. and {Joachimi}, B. and 
	{Klaes}, D. and {Miller}, L. and {Morrison}, C.~B. and {Nakajima}, R. and 
	{Verdoes Kleijn}, G. and {Amon}, A. and {Choi}, A. and {Covone}, G. and 
	{de Jong}, J.~T.~A. and {Dvornik}, A. and {Fenech Conti}, I. and 
	{Grado}, A. and {Harnois-D{\'e}raps}, J. and {Herbonnet}, R. and 
	{Hoekstra}, H. and {K{\"o}hlinger}, F. and {McFarland}, J. and 
	{Mead}, A. and {Merten}, J. and {Napolitano}, N. and {Peacock}, J.~A. and 
	{Radovich}, M. and {Schneider}, P. and {Simon}, P. and {Valentijn}, E.~A. and 
	{van den Busch}, J.~L. and {van Uitert}, E. and {Van Waerbeke}, L.
	},
    title = "{KiDS-450: cosmological parameter constraints from tomographic weak gravitational lensing}",
  journal = {\mnras},
archivePrefix = "arXiv",
   eprint = {1606.05338},
 keywords = {gravitational lensing: weak, surveys, galaxies: photometry, cosmology: observations},
     year = 2017,
    month = feb,
   volume = 465,
    pages = {1454-1498},
      doi = {10.1093/mnras/stw2805},
   adsurl = {http://adsabs.harvard.edu/abs/2017MNRAS.465.1454H},
  adsnote = {Provided by the SAO/NASA Astrophysics Data System}
}


@ARTICLE{2013MNRAS.432.2433H,
   author = {{Heymans}, C. and {Grocutt}, E. and {Heavens}, A. and {Kilbinger}, M. and 
	{Kitching}, T.~D. and {Simpson}, F. and {Benjamin}, J. and {Erben}, T. and 
	{Hildebrandt}, H. and {Hoekstra}, H. and {Mellier}, Y. and {Miller}, L. and 
	{Van Waerbeke}, L. and {Brown}, M.~L. and {Coupon}, J. and {Fu}, L. and 
	{Harnois-D{\'e}raps}, J. and {Hudson}, M.~J. and {Kuijken}, K. and 
	{Rowe}, B. and {Schrabback}, T. and {Semboloni}, E. and {Vafaei}, S. and 
	{Velander}, M.},
    title = "{CFHTLenS tomographic weak lensing cosmological parameter constraints: Mitigating the impact of intrinsic galaxy alignments}",
  journal = {\mnras},
archivePrefix = "arXiv",
   eprint = {1303.1808},
 keywords = {cosmology: observations},
     year = 2013,
    month = jul,
   volume = 432,
    pages = {2433-2453},
      doi = {10.1093/mnras/stt601},
   adsurl = {http://adsabs.harvard.edu/abs/2013MNRAS.432.2433H},
  adsnote = {Provided by the SAO/NASA Astrophysics Data System}
}

@ARTICLE{2016ApJ...824...77J,
   author = {{Jee}, M.~J. and {Tyson}, J.~A. and {Hilbert}, S. and {Schneider}, M.~D. and 
	{Schmidt}, S. and {Wittman}, D.},
    title = "{Cosmic Shear Results from the Deep Lens Survey. II. Full Cosmological Parameter Constraints from Tomography}",
  journal = {\apj},
archivePrefix = "arXiv",
   eprint = {1510.03962},
 keywords = {cosmological parameters, cosmology: observations, dark matter, gravitational lensing: weak, large-scale structure of universe},
     year = 2016,
    month = jun,
   volume = 824,
      eid = {77},
    pages = {77},
      doi = {10.3847/0004-637X/824/2/77},
   adsurl = {http://adsabs.harvard.edu/abs/2016ApJ...824...77J},
  adsnote = {Provided by the SAO/NASA Astrophysics Data System}
}

@ARTICLE{2016PhRvD..94b2002B,
   author = {{Becker}, M.~R. and {Troxel}, M.~A. and {MacCrann}, N. and {Krause}, E. and 
	{Eifler}, T.~F. and {Friedrich}, O. and {Nicola}, A. and {Refregier}, A. and 
	{Amara}, A. and {Bacon}, D. and {Bernstein}, G.~M. and {Bonnett}, C. and 
	{Bridle}, S.~L. and {Busha}, M.~T. and {Chang}, C. and {Dodelson}, S. and 
	{Erickson}, B. and {Evrard}, A.~E. and {Frieman}, J. and {Gaztanaga}, E. and 
	{Gruen}, D. and {Hartley}, W. and {Jain}, B. and {Jarvis}, M. and 
	{Kacprzak}, T. and {Kirk}, D. and {Kravtsov}, A. and {Leistedt}, B. and 
	{Peiris}, H.~V. and {Rykoff}, E.~S. and {Sabiu}, C. and {S{\'a}nchez}, C. and 
	{Seo}, H. and {Sheldon}, E. and {Wechsler}, R.~H. and {Zuntz}, J. and 
	{Abbott}, T. and {Abdalla}, F.~B. and {Allam}, S. and {Armstrong}, R. and 
	{Banerji}, M. and {Bauer}, A.~H. and {Benoit-L{\'e}vy}, A. and 
	{Bertin}, E. and {Brooks}, D. and {Buckley-Geer}, E. and {Burke}, D.~L. and 
	{Capozzi}, D. and {Carnero Rosell}, A. and {Carrasco Kind}, M. and 
	{Carretero}, J. and {Castander}, F.~J. and {Crocce}, M. and 
	{Cunha}, C.~E. and {D'Andrea}, C.~B. and {da Costa}, L.~N. and 
	{DePoy}, D.~L. and {Desai}, S. and {Diehl}, H.~T. and {Dietrich}, J.~P. and 
	{Doel}, P. and {Fausti Neto}, A. and {Fernandez}, E. and {Finley}, D.~A. and 
	{Flaugher}, B. and {Fosalba}, P. and {Gerdes}, D.~W. and {Gruendl}, R.~A. and 
	{Gutierrez}, G. and {Honscheid}, K. and {James}, D.~J. and {Kuehn}, K. and 
	{Kuropatkin}, N. and {Lahav}, O. and {Li}, T.~S. and {Lima}, M. and 
	{Maia}, M.~A.~G. and {March}, M. and {Martini}, P. and {Melchior}, P. and 
	{Miller}, C.~J. and {Miquel}, R. and {Mohr}, J.~J. and {Nichol}, R.~C. and 
	{Nord}, B. and {Ogando}, R. and {Plazas}, A.~A. and {Reil}, K. and 
	{Romer}, A.~K. and {Roodman}, A. and {Sako}, M. and {Sanchez}, E. and 
	{Scarpine}, V. and {Schubnell}, M. and {Sevilla-Noarbe}, I. and 
	{Smith}, R.~C. and {Soares-Santos}, M. and {Sobreira}, F. and 
	{Suchyta}, E. and {Swanson}, M.~E.~C. and {Tarle}, G. and {Thaler}, J. and 
	{Thomas}, D. and {Vikram}, V. and {Walker}, A.~R. and {Dark Energy Survey Collaboration}
	},
    title = "{Cosmic shear measurements with Dark Energy Survey Science Verification data}",
  journal = {\prd},
archivePrefix = "arXiv",
   eprint = {1507.05598},
     year = 2016,
    month = jul,
   volume = 94,
   number = 2,
      eid = {022002},
    pages = {022002},
      doi = {10.1103/PhysRevD.94.022002},
   adsurl = {http://adsabs.harvard.edu/abs/2016PhRvD..94b2002B},
  adsnote = {Provided by the SAO/NASA Astrophysics Data System}
}

@ARTICLE{2010PhRvD..81f3531B,
   author = {{Baldauf}, T. and {Smith}, R.~E. and {Seljak}, U. and {Mandelbaum}, R.
	},
    title = "{Algorithm for the direct reconstruction of the dark matter correlation function from weak lensing and galaxy clustering}",
  journal = {\prd},
archivePrefix = "arXiv",
   eprint = {0911.4973},
 primaryClass = "astro-ph.CO",
 keywords = {Cosmology},
     year = 2010,
    month = mar,
   volume = 81,
   number = 6,
      eid = {063531},
    pages = {063531},
      doi = {10.1103/PhysRevD.81.063531},
   adsurl = {http://adsabs.harvard.edu/abs/2010PhRvD..81f3531B},
  adsnote = {Provided by the SAO/NASA Astrophysics Data System}
}

@ARTICLE{2015ApJ...806....2M,
   author = {{More}, S. and {Miyatake}, H. and {Mandelbaum}, R. and {Takada}, M. and 
	{Spergel}, D.~N. and {Brownstein}, J.~R. and {Schneider}, D.~P.
	},
    title = "{The Weak Lensing Signal and the Clustering of BOSS Galaxies. II. Astrophysical and Cosmological Constraints}",
  journal = {\apj},
archivePrefix = "arXiv",
   eprint = {1407.1856},
 keywords = {cosmological parameters, cosmology: observations, cosmology: theory, dark matter, gravitational lensing: weak, large-scale structure of universe},
     year = 2015,
    month = jun,
   volume = 806,
      eid = {2},
    pages = {2},
      doi = {10.1088/0004-637X/806/1/2},
   adsurl = {http://adsabs.harvard.edu/abs/2015ApJ...806....2M},
  adsnote = {Provided by the SAO/NASA Astrophysics Data System}
}

@ARTICLE{2016MNRAS.456.2806B,
   author = {{Blake}, C. and {Joudaki}, S. and {Heymans}, C. and {Choi}, A. and 
	{Erben}, T. and {Harnois-Deraps}, J. and {Hildebrandt}, H. and 
	{Joachimi}, B. and {Nakajima}, R. and {van Waerbeke}, L. and 
	{Viola}, M.},
    title = "{RCSLenS: testing gravitational physics through the cross-correlation of weak lensing and large-scale structure}",
  journal = {\mnras},
archivePrefix = "arXiv",
   eprint = {1507.03086},
 keywords = {surveys, dark energy, large-scale structure of Universe},
     year = 2016,
    month = mar,
   volume = 456,
    pages = {2806-2828},
      doi = {10.1093/mnras/stv2875},
   adsurl = {http://adsabs.harvard.edu/abs/2016MNRAS.456.2806B},
  adsnote = {Provided by the SAO/NASA Astrophysics Data System}
}

@ARTICLE{2017MNRAS.465.4853A,
   author = {{Alam}, S. and {Miyatake}, H. and {More}, S. and {Ho}, S. and 
	{Mandelbaum}, R.},
    title = "{Testing gravity on large scales by combining weak lensing with galaxy clustering using CFHTLenS and BOSS CMASS}",
  journal = {\mnras},
archivePrefix = "arXiv",
   eprint = {1610.09410},
 keywords = {gravitation, galaxies: statistics, cosmological parameters, large-scale structure of Universe},
     year = 2017,
    month = mar,
   volume = 465,
    pages = {4853-4865},
      doi = {10.1093/mnras/stw3056},
   adsurl = {http://adsabs.harvard.edu/abs/2017MNRAS.465.4853A},
  adsnote = {Provided by the SAO/NASA Astrophysics Data System}
}


@INPROCEEDINGS{Lupton:2001,
   author = {{Lupton}, R. and {Gunn}, J.~E. and {Ivezi{\'c}}, Z. and {Knapp}, G.~R. and 
	{Kent}, S.},
    title = "{The SDSS Imaging Pipelines}",
booktitle = {Astronomical Data Analysis Software and Systems X},
     year = 2001,
   series = {Astronomical Society of the Pacific Conference Series},
   volume = 238,
   eprint = {astro-ph/0101420},
   editor = {{Harnden}, Jr., F.~R. and {Primini}, F.~A. and {Payne}, H.~E.
	},
    pages = {269},
   adsurl = {http://adsabs.harvard.edu/abs/2001ASPC..238..269L},
  adsnote = {Provided by the SAO/NASA Astrophysics Data System}
}

@ARTICLE{2003PhRvL..91d1301A,
   author = {{Abazajian}, K. and {Dodelson}, S.},
    title = "{Neutrino Mass and Dark Energy from Weak Lensing}",
  journal = {Physical Review Letters},
   eprint = {astro-ph/0212216},
 keywords = {Gravitational lenses and luminous arcs, Neutrino mass and mixing, Dark matter, Cosmology},
     year = 2003,
    month = jul,
   volume = 91,
   number = 4,
      eid = {041301},
    pages = {041301},
      doi = {10.1103/PhysRevLett.91.041301},
   adsurl = {http://adsabs.harvard.edu/abs/2003PhRvL..91d1301A},
  adsnote = {Provided by the SAO/NASA Astrophysics Data System}
}

@ARTICLE{2002PhRvD..65b3003H,
    author = {{Hu}, W.},
    title = "{Dark synergy: Gravitational lensing and the CMB}",
    journal = {\prd},
    year = 2002,
    month = jan,
    volume = 65,
    pages = {023003},
    adsurl = {http://adsabs.harvard.edu/cgi-bin/nph-bib_query?bibcode=2002PhRvD..65b3003H&db_key=AST},
    adsnote = {Provided by the NASA Astrophysics Data System}
}

@ARTICLE{2002PhRvD..65f3001H,
    author = {{Huterer}, D.},
    title = "{Weak lensing and dark energy}",
    journal = {\prd},
    year = 2002,
    month = mar,
    volume = 65,
    pages = {63001-+},
    adsurl = {http://adsabs.harvard.edu/cgi-bin/nph-bib_query?bibcode=2002PhRvD..65f3001H&db_key=AST},
    adsnote = {Provided by the NASA Astrophysics Data System}
}

@ARTICLE{2004PhRvD..70l3515B,
   author = {{Benabed}, K. and {van Waerbeke}, L.},
    title = "{Constraining dark energy evolution with gravitational lensing by large scale structures}",
  journal = {\prd},
   eprint = {arXiv:astro-ph/0306033},
 keywords = {Observational cosmology, Gravitational lenses and luminous arcs, Superclusters; large-scale structure of the Universe},
     year = 2004,
    month = dec,
   volume = 70,
   number = 12,
    pages = {123515-+},
      doi = {10.1103/PhysRevD.70.123515},
   adsurl = {http://adsabs.harvard.edu/abs/2004PhRvD..70l3515B},
  adsnote = {Provided by the SAO/NASA Astrophysics Data System}
}

@ARTICLE{2004ApJ...600...17B,
    author = {{Bernstein}, G. and {Jain}, B.},
    title = "{Dark Energy Constraints from Weak-Lensing Cross-Correlation Cosmography}",
    journal = {\apj},
    year = 2004,
    month = jan,
    volume = 600,
    pages = {17-25},
    adsurl = {http://adsabs.harvard.edu/cgi-bin/nph-bib_query?bibcode=2004ApJ...600...17B&amp;db_key=AST},
    adsnote = {Provided by the NASA Astrophysics Data System}
}

@ARTICLE{2004PhRvD..69h3514I,
   author = {{Ishak}, M. and {Hirata}, C.~M. and {McDonald}, P. and {Seljak}, U.
	},
    title = "{Weak lensing and CMB: Parameter forecasts including a running spectral index}",
  journal = {\prd},
     year = 2004,
    month = apr,
   volume = 69,
    number = 8,
    pages = {083514-+},
   adsurl = {http://adsabs.harvard.edu/cgi-bin/nph-bib_query?bibcode=2004PhRvD..69h3514I&amp;db_key=AST},
  adsnote = {Provided by the NASA Astrophysics Data System}
}


@ARTICLE{TakadaJain:04,
   author = {{Takada}, M. and {Jain}, B.},
    title = "{Cosmological parameters from lensing power spectrum and bispectrum tomography}",
  journal = {\mnras},
   eprint = {astro-ph/0310125},
 keywords = {gravitational lensing, cosmology: theory, dark matter, large-scale structure of Universe},
     year = 2004,
    month = mar,
   volume = 348,
    pages = {897-915},
      doi = {10.1111/j.1365-2966.2004.07410.x},
   adsurl = {http://adsabs.harvard.edu/abs/2004MNRAS.348..897T},
  adsnote = {Provided by the SAO/NASA Astrophysics Data System}
}


@ARTICLE{2004ApJ...601L...1T,
    author = {{Takada}, M. and {White}, M.},
    title = "{Tomography of Lensing Cross-Power Spectra}",
    journal = {\apjl},
    year = 2004,
    month = jan,
    volume = 601,
    pages = {L1-L4},
adsurl = {http://adsabs.harvard.edu/cgi-bin/nph-bib_query?bibcode=2004ApJ...601L...1T&amp;db_key=AST},
adsnote = {Provided by the NASA Astrophysics Data System}
}

@ARTICLE{2017MNRAS.465L..20S,
   author = {{Samuroff}, S. and {Troxel}, M.~A. and {Bridle}, S.~L. and {Zuntz}, J. and 
	{MacCrann}, N. and {Krause}, E. and {Eifler}, T. and {Kirk}, D.
	},
    title = "{Simultaneous constraints on cosmology and photometric redshift bias from weak lensing and galaxy clustering}",
  journal = {\mnras},
archivePrefix = "arXiv",
   eprint = {1607.07910},
     year = 2017,
    month = feb,
   volume = 465,
    pages = {L20-L24},
      doi = {10.1093/mnrasl/slw201},
   adsurl = {http://adsabs.harvard.edu/abs/2017MNRAS.465L..20S},
  adsnote = {Provided by the SAO/NASA Astrophysics Data System}
}

@ARTICLE{2016PhRvD..94d2005B,
   author = {{Bonnett}, C. and {Troxel}, M.~A. and {Hartley}, W. and {Amara}, A. and 
	{Leistedt}, B. and {Becker}, M.~R. and {Bernstein}, G.~M. and 
	{Bridle}, S.~L. and {Bruderer}, C. and {Busha}, M.~T. and {Carrasco Kind}, M. and 
	{Childress}, M.~J. and {Castander}, F.~J. and {Chang}, C. and 
	{Crocce}, M. and {Davis}, T.~M. and {Eifler}, T.~F. and {Frieman}, J. and 
	{Gangkofner}, C. and {Gaztanaga}, E. and {Glazebrook}, K. and 
	{Gruen}, D. and {Kacprzak}, T. and {King}, A. and {Kwan}, J. and 
	{Lahav}, O. and {Lewis}, G. and {Lidman}, C. and {Lin}, H. and 
	{MacCrann}, N. and {Miquel}, R. and {O'Neill}, C.~R. and {Palmese}, A. and 
	{Peiris}, H.~V. and {Refregier}, A. and {Rozo}, E. and {Rykoff}, E.~S. and 
	{Sadeh}, I. and {S{\'a}nchez}, C. and {Sheldon}, E. and {Uddin}, S. and 
	{Wechsler}, R.~H. and {Zuntz}, J. and {Abbott}, T. and {Abdalla}, F.~B. and 
	{Allam}, S. and {Armstrong}, R. and {Banerji}, M. and {Bauer}, A.~H. and 
	{Benoit-L{\'e}vy}, A. and {Bertin}, E. and {Brooks}, D. and 
	{Buckley-Geer}, E. and {Burke}, D.~L. and {Capozzi}, D. and 
	{Carnero Rosell}, A. and {Carretero}, J. and {Cunha}, C.~E. and 
	{D'Andrea}, C.~B. and {da Costa}, L.~N. and {DePoy}, D.~L. and 
	{Desai}, S. and {Diehl}, H.~T. and {Dietrich}, J.~P. and {Doel}, P. and 
	{Fausti Neto}, A. and {Fernandez}, E. and {Flaugher}, B. and 
	{Fosalba}, P. and {Gerdes}, D.~W. and {Gruendl}, R.~A. and {Honscheid}, K. and 
	{Jain}, B. and {James}, D.~J. and {Jarvis}, M. and {Kim}, A.~G. and 
	{Kuehn}, K. and {Kuropatkin}, N. and {Li}, T.~S. and {Lima}, M. and 
	{Maia}, M.~A.~G. and {March}, M. and {Marshall}, J.~L. and {Martini}, P. and 
	{Melchior}, P. and {Miller}, C.~J. and {Neilsen}, E. and {Nichol}, R.~C. and 
	{Nord}, B. and {Ogando}, R. and {Plazas}, A.~A. and {Reil}, K. and 
	{Romer}, A.~K. and {Roodman}, A. and {Sako}, M. and {Sanchez}, E. and 
	{Santiago}, B. and {Smith}, R.~C. and {Soares-Santos}, M. and 
	{Sobreira}, F. and {Suchyta}, E. and {Swanson}, M.~E.~C. and 
	{Tarle}, G. and {Thaler}, J. and {Thomas}, D. and {Vikram}, V. and 
	{Walker}, A.~R. and {Dark Energy Survey Collaboration}},
    title = "{Redshift distributions of galaxies in the Dark Energy Survey Science Verification shear catalogue and implications for weak lensing}",
  journal = {\prd},
archivePrefix = "arXiv",
   eprint = {1507.05909},
     year = 2016,
    month = aug,
   volume = 94,
   number = 4,
      eid = {042005},
    pages = {042005},
      doi = {10.1103/PhysRevD.94.042005},
   adsurl = {http://adsabs.harvard.edu/abs/2016PhRvD..94d2005B},
  adsnote = {Provided by the SAO/NASA Astrophysics Data System}
}

@ARTICLE{2015PhR...558....1T,
   author = {{Troxel}, M.~A. and {Ishak}, M.},
    title = "{The intrinsic alignment of galaxies and its impact on weak gravitational lensing in an era of precision cosmology}",
  journal = {\physrep},
archivePrefix = "arXiv",
   eprint = {1407.6990},
 keywords = {Weak gravitational lensing, Intrinsic alignment, Cosmology, Large-scale structure},
     year = 2015,
    month = feb,
   volume = 558,
    pages = {1-59},
      doi = {10.1016/j.physrep.2014.11.001},
   adsurl = {http://adsabs.harvard.edu/abs/2015PhR...558....1T},
  adsnote = {Provided by the SAO/NASA Astrophysics Data System}
}

@ARTICLE{2015SSRv..193..139K,
   author = {{Kirk}, D. and {Brown}, M.~L. and {Hoekstra}, H. and {Joachimi}, B. and 
	{Kitching}, T.~D. and {Mandelbaum}, R. and {Sif{\'o}n}, C. and 
	{Cacciato}, M. and {Choi}, A. and {Kiessling}, A. and {Leonard}, A. and 
	{Rassat}, A. and {Sch{\"a}fer}, B.~M.},
    title = "{Galaxy Alignments: Observations and Impact on Cosmology}",
  journal = {\ssr},
archivePrefix = "arXiv",
   eprint = {1504.05465},
 keywords = {Galaxies: evolution, Galaxies: haloes, Galaxies: interactions, Large-scale structure of Universe, Gravitational lensing: weak},
     year = 2015,
    month = nov,
   volume = 193,
    pages = {139-211},
      doi = {10.1007/s11214-015-0213-4},
   adsurl = {http://adsabs.harvard.edu/abs/2015SSRv..193..139K},
  adsnote = {Provided by the SAO/NASA Astrophysics Data System}
}

@ARTICLE{2015SSRv..193...67K,
   author = {{Kiessling}, A. and {Cacciato}, M. and {Joachimi}, B. and {Kirk}, D. and 
	{Kitching}, T.~D. and {Leonard}, A. and {Mandelbaum}, R. and 
	{Sch{\"a}fer}, B.~M. and {Sif{\'o}n}, C. and {Brown}, M.~L. and 
	{Rassat}, A.},
    title = "{Galaxy Alignments: Theory, Modelling {\amp} Simulations}",
  journal = {\ssr},
archivePrefix = "arXiv",
   eprint = {1504.05546},
 keywords = {Galaxies: evolution, Galaxies: haloes, Galaxies: interactions, Large-scale structure of Universe, Gravitational lensing: weak},
     year = 2015,
    month = nov,
   volume = 193,
    pages = {67-136},
      doi = {10.1007/s11214-015-0203-6},
   adsurl = {http://adsabs.harvard.edu/abs/2015SSRv..193...67K},
  adsnote = {Provided by the SAO/NASA Astrophysics Data System}
}

@ARTICLE{2015SSRv..193....1J,
   author = {{Joachimi}, B. and {Cacciato}, M. and {Kitching}, T.~D. and 
	{Leonard}, A. and {Mandelbaum}, R. and {Sch{\"a}fer}, B.~M. and 
	{Sif{\'o}n}, C. and {Hoekstra}, H. and {Kiessling}, A. and {Kirk}, D. and 
	{Rassat}, A.},
    title = "{Galaxy Alignments: An Overview}",
  journal = {\ssr},
archivePrefix = "arXiv",
   eprint = {1504.05456},
 keywords = {Galaxies: evolution, Galaxies: haloes, Galaxies: interactions, Large-scale structure of Universe, Gravitational lensing: weak},
     year = 2015,
    month = nov,
   volume = 193,
    pages = {1-65},
      doi = {10.1007/s11214-015-0177-4},
   adsurl = {http://adsabs.harvard.edu/abs/2015SSRv..193....1J},
  adsnote = {Provided by the SAO/NASA Astrophysics Data System}
}

@ARTICLE{2017MNRAS.464.4045K,
   author = {{Kwan}, J. and {S{\'a}nchez}, C. and {Clampitt}, J. and {Blazek}, J. and 
	{Crocce}, M. and {Jain}, B. and {Zuntz}, J. and {Amara}, A. and 
	{Becker}, M.~R. and {Bernstein}, G.~M. and {Bonnett}, C. and 
	{DeRose}, J. and {Dodelson}, S. and {Eifler}, T.~F. and {Gaztanaga}, E. and 
	{Giannantonio}, T. and {Gruen}, D. and {Hartley}, W.~G. and 
	{Kacprzak}, T. and {Kirk}, D. and {Krause}, E. and {MacCrann}, N. and 
	{Miquel}, R. and {Park}, Y. and {Ross}, A.~J. and {Rozo}, E. and 
	{Rykoff}, E.~S. and {Sheldon}, E. and {Troxel}, M.~A. and {Wechsler}, R.~H. and 
	{Abbott}, T.~M.~C. and {Abdalla}, F.~B. and {Allam}, S. and 
	{Benoit-L{\'e}vy}, A. and {Brooks}, D. and {Burke}, D.~L. and 
	{Rosell}, A.~C. and {Carrasco Kind}, M. and {Cunha}, C.~E. and 
	{D'Andrea}, C.~B. and {da Costa}, L.~N. and {Desai}, S. and 
	{Diehl}, H.~T. and {Dietrich}, J.~P. and {Doel}, P. and {Evrard}, A.~E. and 
	{Fernandez}, E. and {Finley}, D.~A. and {Flaugher}, B. and {Fosalba}, P. and 
	{Frieman}, J. and {Gerdes}, D.~W. and {Gruendl}, R.~A. and {Gutierrez}, G. and 
	{Honscheid}, K. and {James}, D.~J. and {Jarvis}, M. and {Kuehn}, K. and 
	{Lahav}, O. and {Lima}, M. and {Maia}, M.~A.~G. and {Marshall}, J.~L. and 
	{Martini}, P. and {Melchior}, P. and {Mohr}, J.~J. and {Nichol}, R.~C. and 
	{Nord}, B. and {Plazas}, A.~A. and {Reil}, K. and {Romer}, A.~K. and 
	{Roodman}, A. and {Sanchez}, E. and {Scarpine}, V. and {Sevilla-Noarbe}, I. and 
	{Smith}, R.~C. and {Soares-Santos}, M. and {Sobreira}, F. and 
	{Suchyta}, E. and {Swanson}, M.~E.~C. and {Tarle}, G. and {Thomas}, D. and 
	{Vikram}, V. and {Walker}, A.~R. and {DES Collaboration}},
    title = "{Cosmology from large-scale galaxy clustering and galaxy-galaxy lensing with Dark Energy Survey Science Verification data}",
  journal = {\mnras},
archivePrefix = "arXiv",
   eprint = {1604.07871},
 keywords = {gravitational lensing: weak, cosmological parameters, large-scale structure of Universe},
     year = 2017,
    month = feb,
   volume = 464,
    pages = {4045-4062},
      doi = {10.1093/mnras/stw2464},
   adsurl = {http://adsabs.harvard.edu/abs/2017MNRAS.464.4045K},
  adsnote = {Provided by the SAO/NASA Astrophysics Data System}
}

@ARTICLE{2013PhRvD..87d3509Z,
   author = {{Zentner}, A.~R. and {Semboloni}, E. and {Dodelson}, S. and 
	{Eifler}, T. and {Krause}, E. and {Hearin}, A.~P.},
    title = "{Accounting for baryons in cosmological constraints from cosmic shear}",
  journal = {\prd},
archivePrefix = "arXiv",
   eprint = {1212.1177},
 keywords = {Cosmology, Galactic halo, Distances redshifts radial velocities, spatial distribution of galaxies},
     year = 2013,
    month = feb,
   volume = 87,
   number = 4,
      eid = {043509},
    pages = {043509},
      doi = {10.1103/PhysRevD.87.043509},
   adsurl = {http://adsabs.harvard.edu/abs/2013PhRvD..87d3509Z},
  adsnote = {Provided by the SAO/NASA Astrophysics Data System}
}

@ARTICLE{2015MNRAS.454.1958M,
   author = {{Mead}, A.~J. and {Peacock}, J.~A. and {Heymans}, C. and {Joudaki}, S. and 
	{Heavens}, A.~F.},
    title = "{An accurate halo model for fitting non-linear cosmological power spectra and baryonic feedback models}",
  journal = {\mnras},
archivePrefix = "arXiv",
   eprint = {1505.07833},
 keywords = {gravitational lensing: weak, cosmology: theory, dark energy, large-scale structure of Universe},
     year = 2015,
    month = dec,
   volume = 454,
    pages = {1958-1975},
      doi = {10.1093/mnras/stv2036},
   adsurl = {http://adsabs.harvard.edu/abs/2015MNRAS.454.1958M},
  adsnote = {Provided by the SAO/NASA Astrophysics Data System}
}

@ARTICLE{2013ExA....35...25D,
   author = {{de Jong}, J.~T.~A. and {Verdoes Kleijn}, G.~A. and {Kuijken}, K.~H. and 
	{Valentijn}, E.~A.},
    title = "{The Kilo-Degree Survey}",
  journal = {Experimental Astronomy},
archivePrefix = "arXiv",
   eprint = {1206.1254},
 keywords = {Wide-field imaging, Survey system, VLT/VST, Weak gravitational lensing, Photometric redshifts},
     year = 2013,
    month = jan,
   volume = 35,
    pages = {25-44},
      doi = {10.1007/s10686-012-9306-1},
   adsurl = {http://adsabs.harvard.edu/abs/2013ExA....35...25D},
  adsnote = {Provided by the SAO/NASA Astrophysics Data System}
}

@ARTICLE{2015arXiv150303757S,
   author = {{Spergel}, D. and {Gehrels}, N. and {Baltay}, C. and {Bennett}, D. and 
	{Breckinridge}, J. and {Donahue}, M. and {Dressler}, A. and 
	{Gaudi}, B.~S. and {Greene}, T. and {Guyon}, O. and {Hirata}, C. and 
	{Kalirai}, J. and {Kasdin}, N.~J. and {Macintosh}, B. and {Moos}, W. and 
	{Perlmutter}, S. and {Postman}, M. and {Rauscher}, B. and {Rhodes}, J. and 
	{Wang}, Y. and {Weinberg}, D. and {Benford}, D. and {Hudson}, M. and 
	{Jeong}, W.-S. and {Mellier}, Y. and {Traub}, W. and {Yamada}, T. and 
	{Capak}, P. and {Colbert}, J. and {Masters}, D. and {Penny}, M. and 
	{Savransky}, D. and {Stern}, D. and {Zimmerman}, N. and {Barry}, R. and 
	{Bartusek}, L. and {Carpenter}, K. and {Cheng}, E. and {Content}, D. and 
	{Dekens}, F. and {Demers}, R. and {Grady}, K. and {Jackson}, C. and 
	{Kuan}, G. and {Kruk}, J. and {Melton}, M. and {Nemati}, B. and 
	{Parvin}, B. and {Poberezhskiy}, I. and {Peddie}, C. and {Ruffa}, J. and 
	{Wallace}, J.~K. and {Whipple}, A. and {Wollack}, E. and {Zhao}, F.
	},
    title = "{Wide-Field InfrarRed Survey Telescope-Astrophysics Focused Telescope Assets WFIRST-AFTA 2015 Report}",
  journal = {ArXiv e-prints},
archivePrefix = "arXiv",
   eprint = {1503.03757},
 primaryClass = "astro-ph.IM",
 keywords = {Astrophysics - Instrumentation and Methods for Astrophysics},
     year = 2015,
    month = mar,
   adsurl = {http://adsabs.harvard.edu/abs/2015arXiv150303757S},
  adsnote = {Provided by the SAO/NASA Astrophysics Data System}
}

@ARTICLE{2011arXiv1110.3193L,
   author = {{Laureijs}, R. and {Amiaux}, J. and {Arduini}, S. and {Augu{\`e}res}, J.~-. and 
	{Brinchmann}, J. and {Cole}, R. and {Cropper}, M. and {Dabin}, C. and 
	{Duvet}, L. and {Ealet}, A. and et al.},
    title = "{Euclid Definition Study Report}",
  journal = {ArXiv e-prints},
archivePrefix = "arXiv",
   eprint = {1110.3193},
 primaryClass = "astro-ph.CO",
 keywords = {Astrophysics - Cosmology and Extragalactic Astrophysics, Astrophysics - Galaxy Astrophysics},
     year = 2011,
    month = oct,
   adsurl = {http://adsabs.harvard.edu/abs/2011arXiv1110.3193L},
  adsnote = {Provided by the SAO/NASA Astrophysics Data System}
}


@ARTICLE{2009arXiv0912.0201L,
   author = {{LSST Science Collaboration} and {Abell}, P.~A. and {Allison}, J. and 
	{Anderson}, S.~F. and {Andrew}, J.~R. and {Angel}, J.~R.~P. and 
	{Armus}, L. and {Arnett}, D. and {Asztalos}, S.~J. and {Axelrod}, T.~S. and et al.},
    title = "{LSST Science Book, Version 2.0}",
  journal = {ArXiv e-prints},
archivePrefix = "arXiv",
   eprint = {0912.0201},
 primaryClass = "astro-ph.IM",
 keywords = {Astrophysics - Instrumentation and Methods for Astrophysics, Astrophysics - Cosmology and Extragalactic Astrophysics, Astrophysics - Earth and Planetary Astrophysics, Astrophysics - Galaxy Astrophysics, Astrophysics - Solar and Stellar Astrophysics},
     year = 2009,
    month = dec,
   adsurl = {http://adsabs.harvard.edu/abs/2009arXiv0912.0201L},
  adsnote = {Provided by the SAO/NASA Astrophysics Data System}
}


@ARTICLE{TakadaHu:13,
   author = {{Takada}, M. and {Hu}, W.},
    title = "{Power spectrum super-sample covariance}",
  journal = {\prd},
archivePrefix = "arXiv",
   eprint = {1302.6994},
 primaryClass = "astro-ph.CO",
 keywords = {Cosmology, Dark energy, Superclusters, large-scale structure of the Universe},
     year = 2013,
    month = jun,
   volume = 87,
   number = 12,
      eid = {123504},
    pages = {123504},
      doi = {10.1103/PhysRevD.87.123504},
   adsurl = {http://adsabs.harvard.edu/abs/2013PhRvD..87l3504T},
  adsnote = {Provided by the SAO/NASA Astrophysics Data System}
}


@ARTICLE{2011PhRvD..83b3008O,
   author = {{Oguri}, M. and {Takada}, M.},
    title = "{Combining cluster observables and stacked weak lensing to probe dark energy: Self-calibration of systematic uncertainties}",
  journal = {\prd},
archivePrefix = "arXiv",
   eprint = {1010.0744},
 keywords = {Dark energy, Gravitational lenses and luminous arcs, Galaxy clusters},
     year = 2011,
    month = jan,
   volume = 83,
   number = 2,
      eid = {023008},
    pages = {023008},
      doi = {10.1103/PhysRevD.83.023008},
   adsurl = {http://adsabs.harvard.edu/abs/2011PhRvD..83b3008O},
  adsnote = {Provided by the SAO/NASA Astrophysics Data System}
}

@ARTICLE{2014ApJ...794..136D,
   author = {{Donahue}, M. and {Voit}, G.~M. and {Mahdavi}, A. and {Umetsu}, K. and 
	{Ettori}, S. and {Merten}, J. and {Postman}, M. and {Hoffer}, A. and 
	{Baldi}, A. and {Coe}, D. and {Czakon}, N. and {Bartelmann}, M. and 
	{Benitez}, N. and {Bouwens}, R. and {Bradley}, L. and {Broadhurst}, T. and 
	{Ford}, H. and {Gastaldello}, F. and {Grillo}, C. and {Infante}, L. and 
	{Jouvel}, S. and {Koekemoer}, A. and {Kelson}, D. and {Lahav}, O. and 
	{Lemze}, D. and {Medezinski}, E. and {Melchior}, P. and {Meneghetti}, M. and 
	{Molino}, A. and {Moustakas}, J. and {Moustakas}, L.~A. and 
	{Nonino}, M. and {Rosati}, P. and {Sayers}, J. and {Seitz}, S. and 
	{Van der Wel}, A. and {Zheng}, W. and {Zitrin}, A.},
    title = "{CLASH-X: A Comparison of Lensing and X-Ray Techniques for Measuring the Mass Profiles of Galaxy Clusters}",
  journal = {\apj},
archivePrefix = "arXiv",
   eprint = {1405.7876},
 keywords = {cosmological parameters, dark matter, galaxies: clusters: intracluster medium, gravitational lensing: strong, gravitational lensing: weak, X-rays: galaxies: clusters},
     year = 2014,
    month = oct,
   volume = 794,
      eid = {136},
    pages = {136},
      doi = {10.1088/0004-637X/794/2/136},
   adsurl = {http://adsabs.harvard.edu/abs/2014ApJ...794..136D},
  adsnote = {Provided by the SAO/NASA Astrophysics Data System}
}

@ARTICLE{2014MNRAS.443.1973V,
   author = {{von der Linden}, A. and {Mantz}, A. and {Allen}, S.~W. and 
	{Applegate}, D.~E. and {Kelly}, P.~L. and {Morris}, R.~G. and 
	{Wright}, A. and {Allen}, M.~T. and {Burchat}, P.~R. and {Burke}, D.~L. and 
	{Donovan}, D. and {Ebeling}, H.},
    title = "{Robust weak-lensing mass calibration of Planck galaxy clusters}",
  journal = {\mnras},
archivePrefix = "arXiv",
   eprint = {1402.2670},
 keywords = {gravitational lensing: weak, galaxies: clusters: general, cosmology: observations},
     year = 2014,
    month = sep,
   volume = 443,
    pages = {1973-1978},
      doi = {10.1093/mnras/stu1423},
   adsurl = {http://adsabs.harvard.edu/abs/2014MNRAS.443.1973V},
  adsnote = {Provided by the SAO/NASA Astrophysics Data System}
}

@ARTICLE{2015MNRAS.449..685H,
   author = {{Hoekstra}, H. and {Herbonnet}, R. and {Muzzin}, A. and {Babul}, A. and 
	{Mahdavi}, A. and {Viola}, M. and {Cacciato}, M.},
    title = "{The Canadian Cluster Comparison Project: detailed study of systematics and updated weak lensing masses}",
  journal = {\mnras},
archivePrefix = "arXiv",
   eprint = {1502.01883},
 keywords = {cosmology: observations, dark matter},
     year = 2015,
    month = may,
   volume = 449,
    pages = {685-714},
      doi = {10.1093/mnras/stv275},
   adsurl = {http://adsabs.harvard.edu/abs/2015MNRAS.449..685H},
  adsnote = {Provided by the SAO/NASA Astrophysics Data System}
}


@ARTICLE{Okabeetal:10,
   author = {{Okabe}, N. and {Takada}, M. and {Umetsu}, K. and {Futamase}, T. and 
	{Smith}, G.~P.},
    title = "{LoCuSS: Subaru Weak Lensing Study of 30 Galaxy Clusters}",
  journal = {\pasj},
archivePrefix = "arXiv",
   eprint = {0903.1103},
 keywords = {cosmology: observations, dark matter, galaxies: clusters, gravitational lensing},
     year = 2010,
    month = jun,
   volume = 62,
    pages = {811-870},
      doi = {10.1093/pasj/62.3.811},
   adsurl = {http://adsabs.harvard.edu/abs/2010PASJ...62..811O},
  adsnote = {Provided by the SAO/NASA Astrophysics Data System}
}


@ARTICLE{2016MNRAS.461.3794O,
   author = {{Okabe}, N. and {Smith}, G.~P.},
    title = "{LoCuSS: weak-lensing mass calibration of galaxy clusters}",
  journal = {\mnras},
archivePrefix = "arXiv",
   eprint = {1507.04493},
 keywords = {gravitational lensing: weak},
     year = 2016,
    month = oct,
   volume = 461,
    pages = {3794-3821},
      doi = {10.1093/mnras/stw1539},
   adsurl = {http://adsabs.harvard.edu/abs/2016MNRAS.461.3794O},
  adsnote = {Provided by the SAO/NASA Astrophysics Data System}
}

@ARTICLE{2016JCAP...08..013B,
   author = {{Battaglia}, N. and {Leauthaud}, A. and {Miyatake}, H. and {Hasselfield}, M. and 
	{Gralla}, M.~B. and {Allison}, R. and {Bond}, J.~R. and {Calabrese}, E. and 
	{Crichton}, D. and {Devlin}, M.~J. and {Dunkley}, J. and {D{\"u}nner}, R. and 
	{Erben}, T. and {Ferrara}, S. and {Halpern}, M. and {Hilton}, M. and 
	{Hill}, J.~C. and {Hincks}, A.~D. and {Hlo{\v z}ek}, R. and 
	{Huffenberger}, K.~M. and {Hughes}, J.~P. and {Kneib}, J.~P. and 
	{Kosowsky}, A. and {Makler}, M. and {Marriage}, T.~A. and {Menanteau}, F. and 
	{Miller}, L. and {Moodley}, K. and {Moraes}, B. and {Niemack}, M.~D. and 
	{Page}, L. and {Shan}, H. and {Sehgal}, N. and {Sherwin}, B.~D. and 
	{Sievers}, J.~L. and {Sif{\'o}n}, C. and {Spergel}, D.~N. and 
	{Staggs}, S.~T. and {Taylor}, J.~E. and {Thornton}, R. and {van Waerbeke}, L. and 
	{Wollack}, E.~J.},
    title = "{Weak-lensing mass calibration of the Atacama Cosmology Telescope equatorial Sunyaev-Zeldovich cluster sample with the Canada-France-Hawaii telescope stripe 82 survey}",
  journal = {\jcap},
archivePrefix = "arXiv",
   eprint = {1509.08930},
     year = 2016,
    month = aug,
   volume = 8,
      eid = {013},
    pages = {013},
      doi = {10.1088/1475-7516/2016/08/013},
   adsurl = {http://adsabs.harvard.edu/abs/2016JCAP...08..013B},
  adsnote = {Provided by the SAO/NASA Astrophysics Data System}
}

@ARTICLE{2017arXiv170208449A,
   author = {{Aihara}, H. and {Armstrong}, R. and {Bickerton}, S. and {Bosch}, J. and 
	{Coupon}, J. and {Furusawa}, H. and {Hayashi}, Y. and {Ikeda}, H. and 
	{Kamata}, Y. and {Karoji}, H. and {Kawanomoto}, S. and {Koike}, M. and 
	{Komiyama}, Y. and {Lupton}, R.~H. and {Mineo}, S. and {Miyatake}, H. and 
	{Miyazaki}, S. and {Morokuma}, T. and {Obuchi}, Y. and {Oishi}, Y. and 
	{Okura}, Y. and {Price}, P.~A. and {Takata}, T. and {Tanaka}, M.~M. and 
	{Tanaka}, M. and {Tanaka}, Y. and {Uchida}, T. and {Uraguchi}, F. and 
	{Utsumi}, Y. and {Wang}, S.-Y. and {Yamada}, Y. and {Yamanoi}, H. and 
	{Yasuda}, N. and {Arimoto}, N. and {Chiba}, M. and {Finet}, F. and 
	{Fujimori}, H. and {Fujimoto}, S. and {Furusawa}, J. and {Goto}, T. and 
	{Goulding}, A. and {Gunn}, J.~E. and {Harikane}, Y. and {Hattori}, T. and 
	{Hayashi}, M. and {Helminiak}, K.~G. and {Higuchi}, R. and {Hikage}, C. and 
	{Ho}, P.~T.~P. and {Hsieh}, B.-C. and {Huang}, K. and {Huang}, S. and 
	{Imanishi}, M. and {Iwata}, I. and {Jaelani}, A.~T. and {Jian}, H.-Y. and 
	{Kashikawa}, N. and {Katayama}, N. and {Kojima}, T. and {Konno}, A. and 
	{Koshida}, S. and {Leauthaud}, A. and {Lee}, C.-H. and {Lin}, L. and 
	{Lin}, Y.-T. and {Mandelbaum}, R. and {Matsuoka}, Y. and {Medezinski}, E. and 
	{Miyama}, S. and {Momose}, R. and {More}, A. and {More}, S. and 
	{Mukae}, S. and {Murata}, R. and {Murayama}, H. and {Nagao}, T. and 
	{Nakata}, F. and {Niikura}, H. and {Nishizawa}, A.~J. and {Oguri}, M. and 
	{Okabe}, N. and {Ono}, Y. and {Onodera}, M. and {Onoue}, M. and 
	{Ouchi}, M. and {Pyo}, T.-S. and {Shibuya}, T. and {Shimasaku}, K. and 
	{Simet}, M. and {Speagle}, J. and {Spergel}, D.~N. and {Strauss}, M.~A. and 
	{Sugahara}, Y. and {Sugiyama}, N. and {Suto}, Y. and {Suzuki}, N. and 
	{Tait}, P.~J. and {Takada}, M. and {Terai}, T. and {Toba}, Y. and 
	{Turner}, E.~L. and {Uchiyama}, H. and {Umetsu}, K. and {Urata}, Y. and 
	{Usuda}, T. and {Yeh}, S. and {Yuma}, S.},
    title = "{First Data Release of the Hyper Suprime-Cam Subaru Strategic Program}",
  journal = {ArXiv e-prints},
archivePrefix = "arXiv",
   eprint = {1702.08449 (HSC DR1 paper)},
 primaryClass = "astro-ph.IM",
 keywords = {Astrophysics - Instrumentation and Methods for Astrophysics, Astrophysics - Earth and Planetary Astrophysics, Astrophysics - Astrophysics of Galaxies, Astrophysics - High Energy Astrophysical Phenomena, Astrophysics - Solar and Stellar Astrophysics},
     year = 2017,
    month = feb,
   adsurl = {http://adsabs.harvard.edu/abs/2017arXiv170208449A},
  adsnote = {Provided by the SAO/NASA Astrophysics Data System}
}

@ARTICLE{2011ApJS..193...29A,
   author = {{Aihara}, H. and {Allende Prieto}, C. and {An}, D. and {Anderson}, S.~F. and 
	{Aubourg}, {\'E}. and {Balbinot}, E. and {Beers}, T.~C. and 
	{Berlind}, A.~A. and {Bickerton}, S.~J. and {Bizyaev}, D. and 
	{Blanton}, M.~R. and {Bochanski}, J.~J. and {Bolton}, A.~S. and 
	{Bovy}, J. and {Brandt}, W.~N. and {Brinkmann}, J. and {Brown}, P.~J. and 
	{Brownstein}, J.~R. and {Busca}, N.~G. and {Campbell}, H. and 
	{Carr}, M.~A. and {Chen}, Y. and {Chiappini}, C. and {Comparat}, J. and 
	{Connolly}, N. and {Cortes}, M. and {Croft}, R.~A.~C. and {Cuesta}, A.~J. and 
	{da Costa}, L.~N. and {Davenport}, J.~R.~A. and {Dawson}, K. and 
	{Dhital}, S. and {Ealet}, A. and {Ebelke}, G.~L. and {Edmondson}, E.~M. and 
	{Eisenstein}, D.~J. and {Escoffier}, S. and {Esposito}, M. and 
	{Evans}, M.~L. and {Fan}, X. and {Femen{\'{\i}}a Castell{\'a}}, B. and 
	{Font-Ribera}, A. and {Frinchaboy}, P.~M. and {Ge}, J. and {Gillespie}, B.~A. and 
	{Gilmore}, G. and {Gonz{\'a}lez Hern{\'a}ndez}, J.~I. and {Gott}, J.~R. and 
	{Gould}, A. and {Grebel}, E.~K. and {Gunn}, J.~E. and {Hamilton}, J.-C. and 
	{Harding}, P. and {Harris}, D.~W. and {Hawley}, S.~L. and {Hearty}, F.~R. and 
	{Ho}, S. and {Hogg}, D.~W. and {Holtzman}, J.~A. and {Honscheid}, K. and 
	{Inada}, N. and {Ivans}, I.~I. and {Jiang}, L. and {Johnson}, J.~A. and 
	{Jordan}, C. and {Jordan}, W.~P. and {Kazin}, E.~A. and {Kirkby}, D. and 
	{Klaene}, M.~A. and {Knapp}, G.~R. and {Kneib}, J.-P. and {Kochanek}, C.~S. and 
	{Koesterke}, L. and {Kollmeier}, J.~A. and {Kron}, R.~G. and 
	{Lampeitl}, H. and {Lang}, D. and {Le Goff}, J.-M. and {Lee}, Y.~S. and 
	{Lin}, Y.-T. and {Long}, D.~C. and {Loomis}, C.~P. and {Lucatello}, S. and 
	{Lundgren}, B. and {Lupton}, R.~H. and {Ma}, Z. and {MacDonald}, N. and 
	{Mahadevan}, S. and {Maia}, M.~A.~G. and {Makler}, M. and {Malanushenko}, E. and 
	{Malanushenko}, V. and {Mandelbaum}, R. and {Maraston}, C. and 
	{Margala}, D. and {Masters}, K.~L. and {McBride}, C.~K. and 
	{McGehee}, P.~M. and {McGreer}, I.~D. and {M{\'e}nard}, B. and 
	{Miralda-Escud{\'e}}, J. and {Morrison}, H.~L. and {Mullally}, F. and 
	{Muna}, D. and {Munn}, J.~A. and {Murayama}, H. and {Myers}, A.~D. and 
	{Naugle}, T. and {Neto}, A.~F. and {Nguyen}, D.~C. and {Nichol}, R.~C. and 
	{O'Connell}, R.~W. and {Ogando}, R.~L.~C. and {Olmstead}, M.~D. and 
	{Oravetz}, D.~J. and {Padmanabhan}, N. and {Palanque-Delabrouille}, N. and 
	{Pan}, K. and {Pandey}, P. and {P{\^a}ris}, I. and {Percival}, W.~J. and 
	{Petitjean}, P. and {Pfaffenberger}, R. and {Pforr}, J. and 
	{Phleps}, S. and {Pichon}, C. and {Pieri}, M.~M. and {Prada}, F. and 
	{Price-Whelan}, A.~M. and {Raddick}, M.~J. and {Ramos}, B.~H.~F. and 
	{Reyl{\'e}}, C. and {Rich}, J. and {Richards}, G.~T. and {Rix}, H.-W. and 
	{Robin}, A.~C. and {Rocha-Pinto}, H.~J. and {Rockosi}, C.~M. and 
	{Roe}, N.~A. and {Rollinde}, E. and {Ross}, A.~J. and {Ross}, N.~P. and 
	{Rossetto}, B.~M. and {S{\'a}nchez}, A.~G. and {Sayres}, C. and 
	{Schlegel}, D.~J. and {Schlesinger}, K.~J. and {Schmidt}, S.~J. and 
	{Schneider}, D.~P. and {Sheldon}, E. and {Shu}, Y. and {Simmerer}, J. and 
	{Simmons}, A.~E. and {Sivarani}, T. and {Snedden}, S.~A. and 
	{Sobeck}, J.~S. and {Steinmetz}, M. and {Strauss}, M.~A. and 
	{Szalay}, A.~S. and {Tanaka}, M. and {Thakar}, A.~R. and {Thomas}, D. and 
	{Tinker}, J.~L. and {Tofflemire}, B.~M. and {Tojeiro}, R. and 
	{Tremonti}, C.~A. and {Vandenberg}, J. and {Vargas Maga{\~n}a}, M. and 
	{Verde}, L. and {Vogt}, N.~P. and {Wake}, D.~A. and {Wang}, J. and 
	{Weaver}, B.~A. and {Weinberg}, D.~H. and {White}, M. and {White}, S.~D.~M. and 
	{Yanny}, B. and {Yasuda}, N. and {Yeche}, C. and {Zehavi}, I.
	},
    title = "{The Eighth Data Release of the Sloan Digital Sky Survey: First Data from SDSS-III}",
  journal = {\apjs},
archivePrefix = "arXiv",
   eprint = {1101.1559},
 primaryClass = "astro-ph.IM",
 keywords = {atlases, catalogs, surveys},
     year = 2011,
    month = apr,
   volume = 193,
      eid = {29},
    pages = {29},
      doi = {10.1088/0067-0049/193/2/29},
   adsurl = {http://adsabs.harvard.edu/abs/2011ApJS..193...29A},
  adsnote = {Provided by the SAO/NASA Astrophysics Data System}
}

@ARTICLE{2016MNRAS.455.1553R,
   author = {{Reid}, B. and {Ho}, S. and {Padmanabhan}, N. and {Percival}, W.~J. and 
	{Tinker}, J. and {Tojeiro}, R. and {White}, M. and {Eisenstein}, D.~J. and 
	{Maraston}, C. and {Ross}, A.~J. and {S{\'a}nchez}, A.~G. and 
	{Schlegel}, D. and {Sheldon}, E. and {Strauss}, M.~A. and {Thomas}, D. and 
	{Wake}, D. and {Beutler}, F. and {Bizyaev}, D. and {Bolton}, A.~S. and 
	{Brownstein}, J.~R. and {Chuang}, C.-H. and {Dawson}, K. and 
	{Harding}, P. and {Kitaura}, F.-S. and {Leauthaud}, A. and {Masters}, K. and 
	{McBride}, C.~K. and {More}, S. and {Olmstead}, M.~D. and {Oravetz}, D. and 
	{Nuza}, S.~E. and {Pan}, K. and {Parejko}, J. and {Pforr}, J. and 
	{Prada}, F. and {Rodr{\'{\i}}guez-Torres}, S. and {Salazar-Albornoz}, S. and 
	{Samushia}, L. and {Schneider}, D.~P. and {Sc{\'o}ccola}, C.~G. and 
	{Simmons}, A. and {Vargas-Magana}, M.},
    title = "{SDSS-III Baryon Oscillation Spectroscopic Survey Data Release 12: galaxy target selection and large-scale structure catalogues}",
  journal = {\mnras},
archivePrefix = "arXiv",
   eprint = {1509.06529},
 keywords = {cosmology: observations, (cosmology:) large-scale structure of Universe},
     year = 2016,
    month = jan,
   volume = 455,
    pages = {1553-1573},
      doi = {10.1093/mnras/stv2382},
   adsurl = {http://adsabs.harvard.edu/abs/2016MNRAS.455.1553R},
  adsnote = {Provided by the SAO/NASA Astrophysics Data System}
}

@ARTICLE{2015arXiv151207914J,
   author = {{Juri{\'c}}, M. and {Kantor}, J. and {Lim}, K. and {Lupton}, R.~H. and 
	{Dubois-Felsmann}, G. and {Jenness}, T. and {Axelrod}, T.~S. and 
	{Aleksi{\'c}}, J. and {Allsman}, R.~A. and {AlSayyad}, Y. and 
	{Alt}, J. and {Armstrong}, R. and {Basney}, J. and {Becker}, A.~C. and 
	{Becla}, J. and {Bickerton}, S.~J. and {Biswas}, R. and {Bosch}, J. and 
	{Boutigny}, D. and {Carrasco Kind}, M. and {Ciardi}, D.~R. and 
	{Connolly}, A.~J. and {Daniel}, S.~F. and {Daues}, G.~E. and 
	{Economou}, F. and {Chiang}, H.-F. and {Fausti}, A. and {Fisher-Levine}, M. and 
	{Freemon}, D.~M. and {Gee}, P. and {Gris}, P. and {Hernandez}, F. and 
	{Hoblitt}, J. and {Ivezi{\'c}}, {\v Z}. and {Jammes}, F. and 
	{Jevremovi{\'c}}, D. and {Jones}, R.~L. and {Bryce Kalmbach}, J. and 
	{Kasliwal}, V.~P. and {Krughoff}, K.~S. and {Lang}, D. and {Lurie}, J. and 
	{Lust}, N.~B. and {Mullally}, F. and {MacArthur}, L.~A. and 
	{Melchior}, P. and {Moeyens}, J. and {Nidever}, D.~L. and {Owen}, R. and 
	{Parejko}, J.~K and {Peterson}, J.~M. and {Petravick}, D. and 
	{Pietrowicz}, S.~R. and {Price}, P.~A. and {Reiss}, D.~J. and 
	{Shaw}, R.~A. and {Sick}, J. and {Slater}, C.~T. and {Strauss}, M.~A. and 
	{Sullivan}, I.~S. and {Swinbank}, J.~D. and {Van Dyk}, S. and 
	{Vuj{\v c}i{\'c}}, V. and {Withers}, A. and {Yoachim}, P. and 
	{LSST Project}, f.~t.},
    title = "{The LSST Data Management System}",
  journal = {ArXiv e-prints},
archivePrefix = "arXiv",
   eprint = {1512.07914},
 primaryClass = "astro-ph.IM",
 keywords = {Astrophysics - Instrumentation and Methods for Astrophysics},
     year = 2015,
    month = dec,
   adsurl = {http://adsabs.harvard.edu/abs/2015arXiv151207914J},
  adsnote = {Provided by the SAO/NASA Astrophysics Data System}
}

@INPROCEEDINGS{2010SPIE.7740E..15A,
   author = {{Axelrod}, T. and {Kantor}, J. and {Lupton}, R.~H. and {Pierfederici}, F.
	},
    title = "{An open source application framework for astronomical imaging pipelines}",
booktitle = {Software and Cyberinfrastructure for Astronomy},
     year = 2010,
   series = {\procspie},
   volume = 7740,
    month = jul,
      eid = {774015},
    pages = {774015},
      doi = {10.1117/12.857297},
   adsurl = {http://adsabs.harvard.edu/abs/2010SPIE.7740E..15A},
  adsnote = {Provided by the SAO/NASA Astrophysics Data System}
}


@ARTICLE{More:2013,
   author = {{More}, S. and {van den Bosch}, F.~C. and {Cacciato}, M. and 
	{More}, A. and {Mo}, H. and {Yang}, X.},
    title = "{Cosmological constraints from a combination of galaxy clustering and lensing - II. Fisher matrix analysis}",
  journal = {\mnras},
archivePrefix = "arXiv",
   eprint = {1207.0004},
 keywords = {methods: statistical, galaxies: haloes, galaxies: structure, cosmological parameters, dark energy, dark matter},
     year = 2013,
    month = apr,
   volume = 430,
    pages = {747-766},
      doi = {10.1093/mnras/sts697},
   adsurl = {http://adsabs.harvard.edu/abs/2013MNRAS.430..747M},
  adsnote = {Provided by the SAO/NASA Astrophysics Data System}
}

@ARTICLE{White:2011,
   author = {{White}, M. and {Blanton}, M. and {Bolton}, A. and {Schlegel}, D. and 
	{Tinker}, J. and {Berlind}, A. and {da Costa}, L. and {Kazin}, E. and 
	{Lin}, Y.-T. and {Maia}, M. and {McBride}, C.~K. and {Padmanabhan}, N. and 
	{Parejko}, J. and {Percival}, W. and {Prada}, F. and {Ramos}, B. and 
	{Sheldon}, E. and {de Simoni}, F. and {Skibba}, R. and {Thomas}, D. and 
	{Wake}, D. and {Zehavi}, I. and {Zheng}, Z. and {Nichol}, R. and 
	{Schneider}, D.~P. and {Strauss}, M.~A. and {Weaver}, B.~A. and 
	{Weinberg}, D.~H.},
    title = "{The Clustering of Massive Galaxies at z \~{} 0.5 from the First Semester of BOSS Data}",
  journal = {\apj},
archivePrefix = "arXiv",
   eprint = {1010.4915},
 keywords = {large-scale structure of universe},
     year = 2011,
    month = feb,
   volume = 728,
      eid = {126},
    pages = {126},
      doi = {10.1088/0004-637X/728/2/126},
   adsurl = {http://adsabs.harvard.edu/abs/2011ApJ...728..126W},
  adsnote = {Provided by the SAO/NASA Astrophysics Data System}
}


@ARTICLE{vdB:2013,
   author = {{van den Bosch}, F.~C. and {More}, S. and {Cacciato}, M. and 
	{Mo}, H. and {Yang}, X.},
    title = "{Cosmological constraints from a combination of galaxy clustering and lensing - I. Theoretical framework}",
  journal = {\mnras},
archivePrefix = "arXiv",
   eprint = {1206.6890},
 keywords = {methods: statistical, galaxies: haloes, cosmological parameters, dark matter, large-scale structure of Universe},
     year = 2013,
    month = apr,
   volume = 430,
    pages = {725-746},
      doi = {10.1093/mnras/sts006},
   adsurl = {http://adsabs.harvard.edu/abs/2013MNRAS.430..725V},
  adsnote = {Provided by the SAO/NASA Astrophysics Data System}
}

@ARTICLE{DES_CS_cosmology,
   author = {{Abbott}, T. and {Abdalla}, F.~B. and {Allam}, S. and {Amara}, A. and 
	{Annis}, J. and {Armstrong}, R. and {Bacon}, D. and {Banerji}, M. and 
	{Bauer}, A.~H. and {Baxter}, E. and {Becker}, M.~R. and {Benoit-L{\'e}vy}, A. and 
	{Bernstein}, R.~A. and {Bernstein}, G.~M. and {Bertin}, E. and 
	{Blazek}, J. and {Bonnett}, C. and {Bridle}, S.~L. and {Brooks}, D. and 
	{Bruderer}, C. and {Buckley-Geer}, E. and {Burke}, D.~L. and 
	{Busha}, M.~T. and {Capozzi}, D. and {Carnero Rosell}, A. and 
	{Carrasco Kind}, M. and {Carretero}, J. and {Castander}, F.~J. and 
	{Chang}, C. and {Clampitt}, J. and {Crocce}, M. and {Cunha}, C.~E. and 
	{D'Andrea}, C.~B. and {da Costa}, L.~N. and {Das}, R. and {DePoy}, D.~L. and 
	{Desai}, S. and {Diehl}, H.~T. and {Dietrich}, J.~P. and {Dodelson}, S. and 
	{Doel}, P. and {Drlica-Wagner}, A. and {Efstathiou}, G. and 
	{Eifler}, T.~F. and {Erickson}, B. and {Estrada}, J. and {Evrard}, A.~E. and 
	{Fausti Neto}, A. and {Fernandez}, E. and {Finley}, D.~A. and 
	{Flaugher}, B. and {Fosalba}, P. and {Friedrich}, O. and {Frieman}, J. and 
	{Gangkofner}, C. and {Garcia-Bellido}, J. and {Gaztanaga}, E. and 
	{Gerdes}, D.~W. and {Gruen}, D. and {Gruendl}, R.~A. and {Gutierrez}, G. and 
	{Hartley}, W. and {Hirsch}, M. and {Honscheid}, K. and {Huff}, E.~M. and 
	{Jain}, B. and {James}, D.~J. and {Jarvis}, M. and {Kacprzak}, T. and 
	{Kent}, S. and {Kirk}, D. and {Krause}, E. and {Kravtsov}, A. and 
	{Kuehn}, K. and {Kuropatkin}, N. and {Kwan}, J. and {Lahav}, O. and 
	{Leistedt}, B. and {Li}, T.~S. and {Lima}, M. and {Lin}, H. and 
	{MacCrann}, N. and {March}, M. and {Marshall}, J.~L. and {Martini}, P. and 
	{McMahon}, R.~G. and {Melchior}, P. and {Miller}, C.~J. and 
	{Miquel}, R. and {Mohr}, J.~J. and {Neilsen}, E. and {Nichol}, R.~C. and 
	{Nicola}, A. and {Nord}, B. and {Ogando}, R. and {Palmese}, A. and 
	{Peiris}, H.~V. and {Plazas}, A.~A. and {Refregier}, A. and 
	{Roe}, N. and {Romer}, A.~K. and {Roodman}, A. and {Rowe}, B. and 
	{Rykoff}, E.~S. and {Sabiu}, C. and {Sadeh}, I. and {Sako}, M. and 
	{Samuroff}, S. and {Sanchez}, E. and {S{\'a}nchez}, C. and {Seo}, H. and 
	{Sevilla-Noarbe}, I. and {Sheldon}, E. and {Smith}, R.~C. and 
	{Soares-Santos}, M. and {Sobreira}, F. and {Suchyta}, E. and 
	{Swanson}, M.~E.~C. and {Tarle}, G. and {Thaler}, J. and {Thomas}, D. and 
	{Troxel}, M.~A. and {Vikram}, V. and {Walker}, A.~R. and {Wechsler}, R.~H. and 
	{Weller}, J. and {Zhang}, Y. and {Zuntz}, J. and {Dark Energy Survey Collaboration}
	},
    title = "{Cosmology from cosmic shear with Dark Energy Survey Science Verification data}",
  journal = {\prd},
archivePrefix = "arXiv",
   eprint = {1507.05552},
     year = 2016,
    month = jul,
   volume = 94,
   number = 2,
      eid = {022001},
    pages = {022001},
      doi = {10.1103/PhysRevD.94.022001},
   adsurl = {http://adsabs.harvard.edu/abs/2016PhRvD..94b2001A},
  adsnote = {Provided by the SAO/NASA Astrophysics Data System}
}

@ARTICLE{2017arXiv170202600H,
   author = {{Huff}, E. and {Mandelbaum}, R.},
    title = "{Metacalibration: Direct Self-Calibration of Biases in Shear Measurement}",
  journal = {ArXiv e-prints},
archivePrefix = "arXiv",
   eprint = {1702.02600},
 keywords = {Astrophysics - Cosmology and Nongalactic Astrophysics},
     year = 2017,
    month = feb,
   adsurl = {http://adsabs.harvard.edu/abs/2017arXiv170202600H},
  adsnote = {Provided by the SAO/NASA Astrophysics Data System}
}

@ARTICLE{2017arXiv170202601S,
   author = {{Sheldon}, E.~S. and {Huff}, E.~M.},
    title = "{Practical Weak Lensing Shear Measurement with Metacalibration}",
  journal = {ArXiv e-prints},
archivePrefix = "arXiv",
   eprint = {1702.02601},
 keywords = {Astrophysics - Cosmology and Nongalactic Astrophysics},
     year = 2017,
    month = feb,
   adsurl = {http://adsabs.harvard.edu/abs/2017arXiv170202601S},
  adsnote = {Provided by the SAO/NASA Astrophysics Data System}
}

@MISC{2015ascl.soft08007J,
   author = {{Jarvis}, M.},
    title = "{TreeCorr: Two-point correlation functions}",
 keywords = {Software},
howpublished = {Astrophysics Source Code Library},
     year = 2015,
    month = aug,
archivePrefix = "ascl",
   eprint = {1508.007},
   adsurl = {http://adsabs.harvard.edu/abs/2015ascl.soft08007J},
  adsnote = {Provided by the SAO/NASA Astrophysics Data System}
}

@ARTICLE{2012MNRAS.420.1518M,
   author = {{Mandelbaum}, R. and {Hirata}, C.~M. and {Leauthaud}, A. and 
	{Massey}, R.~J. and {Rhodes}, J.},
    title = "{Precision simulation of ground-based lensing data using observations from space}",
  journal = {\mnras},
archivePrefix = "arXiv",
   eprint = {1107.4629},
 keywords = {gravitational lensing: weak, methods: data analysis, techniques: image processing, galaxies: structure},
     year = 2012,
    month = feb,
   volume = 420,
    pages = {1518-1540},
      doi = {10.1111/j.1365-2966.2011.20138.x},
   adsurl = {http://adsabs.harvard.edu/abs/2012MNRAS.420.1518M},
  adsnote = {Provided by the SAO/NASA Astrophysics Data System}
}

@ARTICLE{2007ApJS..172..196K,
   author = {{Koekemoer}, A.~M. and {Aussel}, H. and {Calzetti}, D. and {Capak}, P. and 
	{Giavalisco}, M. and {Kneib}, {J.-P.} and {Leauthaud}, A. and 
	{Le F{\`e}vre}, O. and {McCracken}, H.~J. and {Massey}, R. and 
	{Mobasher}, B. and {Rhodes}, J. and {Scoville}, N. and {Shopbell}, P.~L.
	},
    title = "{The COSMOS Survey: Hubble Space Telescope Advanced Camera for Surveys Observations and Data Processing}",
  journal = {\apjs},
   eprint = {arXiv:astro-ph/0703095},
 keywords = {Cosmology: Observations, Cosmology: Dark Matter, Galaxies: Evolution, Galaxies: Formation, Cosmology: Large-Scale Structure of Universe, Surveys},
     year = 2007,
    month = sep,
   volume = 172,
    pages = {196-202},
      doi = {10.1086/520086},
   adsurl = {http://adsabs.harvard.edu/abs/2007ApJS..172..196K},
  adsnote = {Provided by the SAO/NASA Astrophysics Data System}
}

@ARTICLE{2007ApJS..172...38S,
   author = {{Scoville}, N. and {Abraham}, R.~G. and {Aussel}, H. and {Barnes}, J.~E. and 
	{Benson}, A. and {Blain}, A.~W. and {Calzetti}, D. and {Comastri}, A. and 
	{Capak}, P. and {Carilli}, C. and {Carlstrom}, J.~E. and {Carollo}, C.~M. and 
	{Colbert}, J. and {Daddi}, E. and {Ellis}, R.~S. and {Elvis}, M. and 
	{Ewald}, S.~P. and {Fall}, M. and {Franceschini}, A. and {Giavalisco}, M. and 
	{Green}, W. and {Griffiths}, R.~E. and {Guzzo}, L. and {Hasinger}, G. and 
	{Impey}, C. and {Kneib}, {J.-P.} and {Koda}, J. and {Koekemoer}, A. and 
	{Lefevre}, O. and {Lilly}, S. and {Liu}, C.~T. and {McCracken}, H.~J. and 
	{Massey}, R. and {Mellier}, Y. and {Miyazaki}, S. and {Mobasher}, B. and 
	{Mould}, J. and {Norman}, C. and {Refregier}, A. and {Renzini}, A. and 
	{Rhodes}, J. and {Rich}, M. and {Sanders}, D.~B. and {Schiminovich}, D. and 
	{Schinnerer}, E. and {Scodeggio}, M. and {Sheth}, K. and {Shopbell}, P.~L. and 
	{Taniguchi}, Y. and {Tyson}, N.~D. and {Urry}, C.~M. and {Van Waerbeke}, L. and 
	{Vettolani}, P. and {White}, S.~D.~M. and {Yan}, L.},
    title = "{COSMOS: Hubble Space Telescope Observations}",
  journal = {\apjs},
   eprint = {arXiv:astro-ph/0612306},
 keywords = {Cosmology: Observations, Cosmology: Dark Matter, Galaxies: Evolution, Galaxies: Formation, Cosmology: Large-Scale Structure of Universe, Surveys},
     year = 2007,
    month = sep,
   volume = 172,
    pages = {38-45},
      doi = {10.1086/516580},
   adsurl = {http://adsabs.harvard.edu/abs/2007ApJS..172...38S},
  adsnote = {Provided by the SAO/NASA Astrophysics Data System}
}

@ARTICLE{2007ApJS..172....1S,
   author = {{Scoville}, N. and {Aussel}, H. and {Brusa}, M. and {Capak}, P. and 
	{Carollo}, C.~M. and {Elvis}, M. and {Giavalisco}, M. and {Guzzo}, L. and 
	{Hasinger}, G. and {Impey}, C. and {Kneib}, {J.-P.} and {LeFevre}, O. and 
	{Lilly}, S.~J. and {Mobasher}, B. and {Renzini}, A. and {Rich}, R.~M. and 
	{Sanders}, D.~B. and {Schinnerer}, E. and {Schminovich}, D. and 
	{Shopbell}, P. and {Taniguchi}, Y. and {Tyson}, N.~D.},
    title = "{The Cosmic Evolution Survey (COSMOS): Overview}",
  journal = {\apjs},
   eprint = {arXiv:astro-ph/0612305},
 keywords = {Cosmology: Observations, Cosmology: Dark Matter, Galaxies: Evolution, Galaxies: Formation, Cosmology: Large-Scale Structure of Universe, Surveys},
     year = 2007,
    month = sep,
   volume = 172,
    pages = {1-8},
      doi = {10.1086/516585},
   adsurl = {http://adsabs.harvard.edu/abs/2007ApJS..172....1S},
  adsnote = {Provided by the SAO/NASA Astrophysics Data System}
}

@ARTICLE{2009ApJ...690.1236I,
   author = {{Ilbert}, O. and {Capak}, P. and {Salvato}, M. and {Aussel}, H. and 
	{McCracken}, H.~J. and {Sanders}, D.~B. and {Scoville}, N. and 
	{Kartaltepe}, J. and {Arnouts}, S. and {Le Floc'h}, E. and {Mobasher}, B. and 
	{Taniguchi}, Y. and {Lamareille}, F. and {Leauthaud}, A. and 
	{Sasaki}, S. and {Thompson}, D. and {Zamojski}, M. and {Zamorani}, G. and 
	{Bardelli}, S. and {Bolzonella}, M. and {Bongiorno}, A. and 
	{Brusa}, M. and {Caputi}, K.~I. and {Carollo}, C.~M. and {Contini}, T. and 
	{Cook}, R. and {Coppa}, G. and {Cucciati}, O. and {de la Torre}, S. and 
	{de Ravel}, L. and {Franzetti}, P. and {Garilli}, B. and {Hasinger}, G. and 
	{Iovino}, A. and {Kampczyk}, P. and {Kneib}, {J.-P.} and {Knobel}, C. and 
	{Kovac}, K. and {Le Borgne}, J.~F. and {Le Brun}, V. and {F{\`e}vre}, O.~L. and 
	{Lilly}, S. and {Looper}, D. and {Maier}, C. and {Mainieri}, V. and 
	{Mellier}, Y. and {Mignoli}, M. and {Murayama}, T. and {Pell{\`o}}, R. and 
	{Peng}, Y. and {P{\'e}rez-Montero}, E. and {Renzini}, A. and 
	{Ricciardelli}, E. and {Schiminovich}, D. and {Scodeggio}, M. and 
	{Shioya}, Y. and {Silverman}, J. and {Surace}, J. and {Tanaka}, M. and 
	{Tasca}, L. and {Tresse}, L. and {Vergani}, D. and {Zucca}, E.
	},
    title = "{Cosmos Photometric Redshifts with 30-Bands for 2-deg^{2}}",
  journal = {\apj},
archivePrefix = "arXiv",
   eprint = {0809.2101},
 keywords = {galaxies: distances and redshifts, galaxies: evolution, galaxies: formation},
     year = 2009,
    month = jan,
   volume = 690,
    pages = {1236-1249},
      doi = {10.1088/0004-637X/690/2/1236},
   adsurl = {http://adsabs.harvard.edu/abs/2009ApJ...690.1236I},
  adsnote = {Provided by the SAO/NASA Astrophysics Data System}
}

@ARTICLE{2010MNRAS.401..371M,
   author = {{Massey}, R. and {Stoughton}, C. and {Leauthaud}, A. and {Rhodes}, J. and 
	{Koekemoer}, A. and {Ellis}, R. and {Shaghoulian}, E.},
    title = "{Pixel-based correction for Charge Transfer Inefficiency in the Hubble Space Telescope Advanced Camera for Surveys}",
  journal = {\mnras},
archivePrefix = "arXiv",
   eprint = {0909.0507},
 keywords = {instrumentation: detectors, methods: data analysis, space vehicles: instruments},
     year = 2010,
    month = jan,
   volume = 401,
    pages = {371-384},
      doi = {10.1111/j.1365-2966.2009.15638.x},
   adsurl = {http://adsabs.harvard.edu/abs/2010MNRAS.401..371M},
  adsnote = {Provided by the SAO/NASA Astrophysics Data System}
}

@INPROCEEDINGS{2002hstc.conf..337K,
   author = {{Koekemoer}, A.~M. and {Fruchter}, A.~S. and {Hook}, R.~N. and 
	{Hack}, W.},
    title = "{MultiDrizzle: An Integrated Pyraf Script for Registering, Cleaning and Combining Images}",
booktitle = {The 2002 HST Calibration Workshop : Hubble after the Installation of the ACS and the NICMOS Cooling System},
     year = 2002,
   editor = "{S.~Arribas, A.~Koekemoer, \& B.~Whitmore}",
    pages = {337-+},
   adsurl = {http://adsabs.harvard.edu/abs/2002hstc.conf..337K},
  adsnote = {Provided by the SAO/NASA Astrophysics Data System}
}

@ARTICLE{2007ApJS..172..203R,
   author = {{Rhodes}, J.~D. and {Massey}, R.~J. and {Albert}, J. and {Collins}, N. and 
	{Ellis}, R.~S. and {Heymans}, C. and {Gardner}, J.~P. and {Kneib}, {J.-P.} and 
	{Koekemoer}, A. and {Leauthaud}, A. and {Mellier}, Y. and {Refregier}, A. and 
	{Taylor}, J.~E. and {Van Waerbeke}, L.},
    title = "{The Stability of the Point-Spread Function of the Advanced Camera for Surveys on the Hubble Space Telescope and Implications for Weak Gravitational Lensing}",
  journal = {\apjs},
   eprint = {arXiv:astro-ph/0702140},
 keywords = {Instrumentation: Detectors, Surveys, Techniques: Image Processing},
     year = 2007,
    month = sep,
   volume = 172,
    pages = {203-218},
      doi = {10.1086/516592},
   adsurl = {http://adsabs.harvard.edu/abs/2007ApJS..172..203R},
  adsnote = {Provided by the SAO/NASA Astrophysics Data System}
}

@ARTICLE{1996A&AS..117..393B,
   author = {{Bertin}, E. and {Arnouts}, S.},
    title = "{SExtractor: Software for source extraction.}",
  journal = {\aaps},
 keywords = {METHODS: DATA ANALYSIS, TECHNIQUES: IMAGE PROCESSING, GALAXIES: PHOTOMETRY},
     year = 1996,
    month = jun,
   volume = 117,
    pages = {393-404},
   adsurl = {http://adsabs.harvard.edu/abs/1996A%26AS..117..393B},
  adsnote = {Provided by the SAO/NASA Astrophysics Data System}
}

@ARTICLE{2016arXiv160701761S,
   author = {{Schaan}, E. and {Krause}, E. and {Eifler}, T. and {Dor{\'e}}, O. and 
	{Miyatake}, H. and {Rhodes}, J. and {Spergel}, D.~N.},
    title = "{Looking through the same lens: shear calibration for LSST, Euclid {\amp} WFIRST with stage 4 CMB lensing}",
  journal = {ArXiv e-prints},
archivePrefix = "arXiv",
   eprint = {1607.01761},
 keywords = {Astrophysics - Cosmology and Nongalactic Astrophysics},
     year = 2016,
    month = jul,
   adsurl = {http://adsabs.harvard.edu/abs/2016arXiv160701761S},
  adsnote = {Provided by the SAO/NASA Astrophysics Data System}
}


@INPROCEEDINGS{2011ASPC..442..435B,
   author = {{Bertin}, E.},
    title = "{Automated Morphometry with SExtractor and PSFEx}",
booktitle = {Astronomical Data Analysis Software and Systems XX},
     year = 2011,
   series = {Astronomical Society of the Pacific Conference Series},
   volume = 442,
   editor = {{Evans}, I.~N. and {Accomazzi}, A. and {Mink}, D.~J. and {Rots}, A.~H.
	},
    month = jul,
    pages = {435},
   adsurl = {http://adsabs.harvard.edu/abs/2011ASPC..442..435B},
  adsnote = {Provided by the SAO/NASA Astrophysics Data System}
}


@ARTICLE{ClusterSel:inprep,
  author  = {{Medezinski}, E.},
  year    = 2017,
}


@ARTICLE{Photoz:inprep,
  author  = {{Tanaka}, M.},
  year    = 2017,
}


@ARTICLE{ShearPaper:inprep,
  author  = {{Mandelbaum}, R.},
  year    = 2017,
}



@ARTICLE{SimPaper:inprep,
  author  = {{Mandelbaum}, R.},
  year    = 2017,
}

@ARTICLE{CatalogPaper:inprep,
  author  = {{Bosch}, J.},
  year    = 2017,
}


@ARTICLE{DataPaper:inprep,
  author  = {{Tanaka}, M.},
  year    = 2017,
}

@ARTICLE{BrighterFatter:inprep,
  author  = {{Coulton}, W.},
  year    = 2017,
}


@ARTICLE{Camira:inprep,
  author  = {{Oguri}, M.},
  year    = 2017,
}
@INPROCEEDINGS{SXDS,
   author = {{Sekiguchi}, K. and {Akiyama}, M. and {Furusawa}, H. and {Simpson}, C. and 
	{Takata}, T. and {Ueda}, Y. and {Watson}, M.~W. and {Sxds Team}
	},
    title = "{Multiwavelength Observations of the Subaru/XMM-Newton Deep Field}",
booktitle = {Multiwavelength Mapping of Galaxy Formation and Evolution},
     year = 2005,
   volume = 2005925391,
   editor = {{Renzini}, A. and {Bender}, R.},
    pages = {82},
      doi = {10.1007/10995020_12},
   adsurl = {http://adsabs.harvard.edu/abs/2005mmgf.conf...82S},
  adsnote = {Provided by the SAO/NASA Astrophysics Data System}
}


@ARTICLE{2014JInst...9C3048A,
   author = {{Antilogus}, P. and {Astier}, P. and {Doherty}, P. and {Guyonnet}, A. and 
	{Regnault}, N.},
    title = "{The brighter-fatter effect and pixel correlations in CCD sensors}",
  journal = {Journal of Instrumentation},
archivePrefix = "arXiv",
   eprint = {1402.0725},
 primaryClass = "astro-ph.IM",
     year = 2014,
    month = mar,
   volume = 9,
      eid = {C03048},
    pages = {C03048},
      doi = {10.1088/1748-0221/9/03/C03048},
   adsurl = {http://adsabs.harvard.edu/abs/2014JInst...9C3048A},
  adsnote = {Provided by the SAO/NASA Astrophysics Data System}
}

@ARTICLE{2010PASP..122.1437P,
   author = {{Pickles}, A. and {Depagne}, {\'E}.},
    title = "{All-Sky Spectrally Matched UBVRI - ZY and u$^{'}$g$^{'}$r$^{'}$i$^{'}$z$^{'}$ Magnitudes for Stars in the Tycho2 Catalog}",
  journal = {\pasp},
archivePrefix = "arXiv",
   eprint = {1011.2020},
 primaryClass = "astro-ph.IM",
     year = 2010,
    month = dec,
   volume = 122,
    pages = {1437-1464},
      doi = {10.1086/657947},
   adsurl = {http://adsabs.harvard.edu/abs/2010PASP..122.1437P},
  adsnote = {Provided by the SAO/NASA Astrophysics Data System}
}



@ARTICLE{2000A&A...355L..27H,
   author = {{H{\o}g}, E. and {Fabricius}, C. and {Makarov}, V.~V. and {Urban}, S. and
	{Corbin}, T. and {Wycoff}, G. and {Bastian}, U. and {Schwekendiek}, P. and
	{Wicenec}, A.},
    title = "{The Tycho-2 catalogue of the 2.5 million brightest stars}",
  journal = {\aap},
 keywords = {ASTROMETRY, STARS: FUNDAMENTAL PARAMETERS, CATALOGS},
     year = 2000,
    month = mar,
   volume = 355,
    pages = {L27-L30},
   adsurl = {http://cdsads.u-strasbg.fr/abs/2000A%26A...355L..27H},
  adsnote = {Provided by the SAO/NASA Astrophysics Data System}
}
@INPROCEEDINGS{2004AAS...205.4815Z,
   author = {{Zacharias}, N. and {Monet}, D.~G. and {Levine}, S.~E. and {Urban}, S.~E. and
	{Gaume}, R. and {Wycoff}, G.~L.},
    title = "{The Naval Observatory Merged Astrometric Dataset (NOMAD)}",
booktitle = {American Astronomical Society Meeting Abstracts},
     year = 2004,
   series = {Bulletin of the American Astronomical Society},
   volume = 36,
    month = dec,
      eid = {48.15},
    pages = {1418},
   adsurl = {http://cdsads.u-strasbg.fr/abs/2004AAS...205.4815Z},
  adsnote = {Provided by the SAO/NASA Astrophysics Data System}
}
@ARTICLE{2016MNRAS.tmp..827J,
   author = {{Jarvis}, M. and {Sheldon}, E. and {Zuntz}, J. and {Kacprzak}, T. and
	{Bridle}, S.~L. and {Amara}, A. and {Armstrong}, R. and {Becker}, M.~R. and
	{Bernstein}, G.~M. and {Bonnett}, C. and {Chang}, C. and {Das}, R. and
	{Dietrich}, J.~P. and {Drlica-Wagner}, A. and {Eifler}, T.~F. and
	{Gangkofner}, C. and {Gruen}, D. and {Hirsch}, M. and {Huff}, E.~M. and
	{Jain}, B. and {Kent}, S. and {Kirk}, D. and {MacCrann}, N. and
	{Melchior}, P. and {Plazas}, A.~A. and {Refregier}, A. and {Rowe}, B. and
	{Rykoff}, E.~S. and {Samuroff}, S. and {S{\'a}nchez}, C. and
	{Suchyta}, E. and {Troxel}, M.~A. and {Vikram}, V. and {Abbott}, T. and
	{Abdalla}, F.~B. and {Allam}, S. and {Annis}, J. and {Benoit-L{\'e}vy}, A. and
	{Bertin}, E. and {Brooks}, D. and {Buckley-Geer}, E. and {Burke}, D.~L. and
	{Capozzi}, D. and {Rosell}, A.~C. and {Kind}, M.~C. and {Carretero}, J. and
	{Castander}, F.~J. and {Clampitt}, J. and {Crocce}, M. and {Cunha}, C.~E. and
	{D'Andrea}, C.~B. and {da Costa}, L.~N. and {DePoy}, D.~L. and
	{Desai}, S. and {Diehl}, H.~T. and {Doel}, P. and {Neto}, A.~F. and
	{Flaugher}, B. and {Fosalba}, P. and {Frieman}, J. and {Gaztanaga}, E. and
	{Gerdes}, D.~W. and {Gruendl}, R.~A. and {Gutierrez}, G. and
	{Honscheid}, K. and {James}, D.~J. and {Kuehn}, K. and {Kuropatkin}, N. and
	{Lahav}, O. and {Li}, T.~S. and {Lima}, M. and {March}, M. and
	{Martini}, P. and {Miquel}, R. and {Mohr}, J.~J. and {Neilsen}, E. and
	{Nord}, B. and {Ogando}, R. and {Reil}, K. and {Romer}, A.~K. and
	{Roodman}, A. and {Sako}, M. and {Sanchez}, E. and {Scarpine}, V. and
	{Schubnell}, M. and {Sevilla-Noarbe}, I. and {Smith}, R.~C. and
	{Soares-Santos}, M. and {Sobreira}, F. and {Swanson}, M.~E.~C. and
	{Tarle}, G. and {Thaler}, J. and {Thomas}, D. and {Walker}, A.~R. and
	{Wechsler}, R.~H.},
    title = "{The DES Science Verification Weak Lensing Shear Catalogues}",
  journal = {\mnras},
archivePrefix = "arXiv",
   eprint = {1507.05603},
 primaryClass = "astro-ph.IM",
 keywords = {gravitational lensing: weak, cosmology: observations, surveys, catalogues, methods: data analysis, techniques: image processing},
     year = 2016,
    month = may,
      doi = {10.1093/mnras/stw990},
   adsurl = {http://adsabs.harvard.edu/abs/2016MNRAS.tmp..827J},
  adsnote = {Provided by the SAO/NASA Astrophysics Data System}
}

@ARTICLE{2007MNRAS.380..229M,
   author = {{Massey}, R. and {Rowe}, B. and {Refregier}, A. and {Bacon}, D.~J. and
	{Berg{\'e}}, J.},
    title = "{Weak gravitational shear and flexion with polar shapelets}",
  journal = {\mnras},
   eprint = {astro-ph/0609795},
 keywords = {gravitational lensing, methods: data analysis, techniques: image processing},
     year = 2007,
    month = sep,
   volume = 380,
    pages = {229-245},
      doi = {10.1111/j.1365-2966.2007.12072.x},
   adsurl = {http://adsabs.harvard.edu/abs/2007MNRAS.380..229M},
  adsnote = {Provided by the SAO/NASA Astrophysics Data System}
}

@ARTICLE{2010MNRAS.406.2793B,
   author = {{Bernstein}, G.~M.},
    title = "{Shape measurement biases from underfitting and ellipticity gradients}",
  journal = {\mnras},
archivePrefix = "arXiv",
   eprint = {1001.2333},
 primaryClass = "astro-ph.IM",
 keywords = {gravitational lensing: weak, techniques: image processing, methods: data analysis},
     year = 2010,
    month = aug,
   volume = 406,
    pages = {2793-2804},
      doi = {10.1111/j.1365-2966.2010.16883.x},
   adsurl = {http://adsabs.harvard.edu/abs/2010MNRAS.406.2793B},
  adsnote = {Provided by the SAO/NASA Astrophysics Data System}
}

@ARTICLE{2011MNRAS.414.1047Z,
   author = {{Zhang}, J. and {Komatsu}, E.},
    title = "{Cosmic shears should not be measured in conventional ways}",
  journal = {\mnras},
archivePrefix = "arXiv",
   eprint = {1002.3615},
 keywords = {gravitational lensing: weak, methods: data analysis, techniques: image processing, large-scale structure of Universe},
     year = 2011,
    month = jun,
   volume = 414,
    pages = {1047-1058},
      doi = {10.1111/j.1365-2966.2011.18436.x},
   adsurl = {http://adsabs.harvard.edu/abs/2011MNRAS.414.1047Z},
  adsnote = {Provided by the SAO/NASA Astrophysics Data System}
}

@ARTICLE{2012MNRAS.424.2757M,
   author = {{Melchior}, P. and {Viola}, M.},
    title = "{Means of confusion: how pixel noise affects shear estimates for weak gravitational lensing}",
  journal = {\mnras},
archivePrefix = "arXiv",
   eprint = {1204.5147},
 primaryClass = "astro-ph.IM",
 keywords = {gravitational lensing: weak, techniques: image processing },
     year = 2012,
    month = aug,
   volume = 424,
    pages = {2757-2769},
      doi = {10.1111/j.1365-2966.2012.21381.x},
   adsurl = {http://adsabs.harvard.edu/abs/2012MNRAS.424.2757M},
  adsnote = {Provided by the SAO/NASA Astrophysics Data System}
}


@ARTICLE{2010MNRAS.404..458V,
   author = {{Voigt}, L.~M. and {Bridle}, S.~L.},
    title = "{Limitations of model-fitting methods for lensing shear estimation}",
  journal = {\mnras},
archivePrefix = "arXiv",
   eprint = {0905.4801},
 keywords = {gravitational lensing, methods: data analysis, cosmology: observations},
     year = 2010,
    month = may,
   volume = 404,
    pages = {458-467},
      doi = {10.1111/j.1365-2966.2010.16300.x},
   adsurl = {http://adsabs.harvard.edu/abs/2010MNRAS.404..458V},
  adsnote = {Provided by the SAO/NASA Astrophysics Data System}
}

@ARTICLE{2010A&A...510A..75M,
   author = {{Melchior}, P. and {B{\"o}hnert}, A. and {Lombardi}, M. and
	{Bartelmann}, M.},
    title = "{Limitations on shapelet-based weak-lensing measurements}",
  journal = {\aap},
archivePrefix = "arXiv",
   eprint = {0906.5092},
 primaryClass = "astro-ph.IM",
 keywords = {gravitational lensing: weak, techniques: image processing, methods: numerical},
     year = 2010,
    month = feb,
   volume = 510,
      eid = {A75},
    pages = {A75},
      doi = {10.1051/0004-6361/200912785},
   adsurl = {http://adsabs.harvard.edu/abs/2010A%26A...510A..75M},
  adsnote = {Provided by the SAO/NASA Astrophysics Data System}
}

@ARTICLE{2012MNRAS.425.1951R,
   author = {{Refregier}, A. and {Kacprzak}, T. and {Amara}, A. and {Bridle}, S. and
	{Rowe}, B.},
    title = "{Noise bias in weak lensing shape measurements}",
  journal = {\mnras},
archivePrefix = "arXiv",
   eprint = {1203.5050},
 keywords = {gravitational lensing: weak, methods: statistical, techniques: image processing, cosmology: observations, dark energy, dark matter },
     year = 2012,
    month = sep,
   volume = 425,
    pages = {1951-1957},
      doi = {10.1111/j.1365-2966.2012.21483.x},
   adsurl = {http://adsabs.harvard.edu/abs/2012MNRAS.425.1951R},
  adsnote = {Provided by the SAO/NASA Astrophysics Data System}
}

@ARTICLE{2012MNRAS.427.2711K,
   author = {{Kacprzak}, T. and {Zuntz}, J. and {Rowe}, B. and {Bridle}, S. and
	{Refregier}, A. and {Amara}, A. and {Voigt}, L. and {Hirsch}, M.
	},
    title = "{Measurement and calibration of noise bias in weak lensing galaxy shape estimation}",
  journal = {\mnras},
archivePrefix = "arXiv",
   eprint = {1203.5049},
 keywords = {gravitational lensing: weak, methods: data analysis, methods: statistical, techniques: image processing, cosmology: observations},
     year = 2012,
    month = dec,
   volume = 427,
    pages = {2711-2722},
      doi = {10.1111/j.1365-2966.2012.21622.x},
   adsurl = {http://adsabs.harvard.edu/abs/2012MNRAS.427.2711K},
  adsnote = {Provided by the SAO/NASA Astrophysics Data System}
}

@ARTICLE{Bernstein2016,
   author = {{Bernstein}, G.~M. and {Armstrong}, R. and {Krawiec}, C. and
	{March}, M.~C.},
    title = "{An accurate and practical method for inference of weak gravitational lensing from galaxy images}",
  journal = {\mnras},
archivePrefix = "arXiv",
   eprint = {1508.05655},
 primaryClass = "astro-ph.IM",
 keywords = {gravitational lensing: weak, methods: data analysis},
     year = 2016,
    month = jul,
   volume = 459,
    pages = {4467-4484},
      doi = {10.1093/mnras/stw879},
   adsurl = {http://adsabs.harvard.edu/abs/2016MNRAS.459.4467B},
  adsnote = {Provided by the SAO/NASA Astrophysics Data System}
}

@ARTICLE{Bernstein2015,
   author = {{Bernstein}, G.~M. and {Armstrong}, R.},
    title = "{Bayesian lensing shear measurement}",
  journal = {\mnras},
archivePrefix = "arXiv",
   eprint = {1304.1843},
 keywords = {gravitational lensing: weak, methods: data analysis},
     year = 2014,
    month = feb,
   volume = 438,
    pages = {1880-1893},
      doi = {10.1093/mnras/stt2326},
   adsurl = {http://adsabs.harvard.edu/abs/2014MNRAS.438.1880B},
  adsnote = {Provided by the SAO/NASA Astrophysics Data System}
}

@ARTICLE{2015ApJ...807...87S,
   author = {{Schneider}, M.~D. and {Hogg}, D.~W. and {Marshall}, P.~J. and
	{Dawson}, W.~A. and {Meyers}, J. and {Bard}, D.~J. and {Lang}, D.
	},
    title = "{Hierarchical Probabilistic Inference of Cosmic Shear}",
  journal = {\apj},
archivePrefix = "arXiv",
   eprint = {1411.2608},
 keywords = {catalogs, cosmology: observations, gravitational lensing: weak, methods: data analysis, methods: statistical, surveys},
     year = 2015,
    month = jul,
   volume = 807,
      eid = {87},
    pages = {87},
      doi = {10.1088/0004-637X/807/1/87},
   adsurl = {http://adsabs.harvard.edu/abs/2015ApJ...807...87S},
  adsnote = {Provided by the SAO/NASA Astrophysics Data System}
}

@ARTICLE{2016arXiv160605337F,
   author = {{Fenech Conti}, I. and {Herbonnet}, R. and {Hoekstra}, H. and
	{Merten}, J. and {Miller}, L. and {Viola}, M.},
    title = "{Calibration of weak-lensing shear in the Kilo-Degree Survey}",
  journal = {ArXiv e-prints},
archivePrefix = "arXiv",
   eprint = {1606.05337},
 keywords = {Astrophysics - Cosmology and Nongalactic Astrophysics, Astrophysics - Instrumentation and Methods for Astrophysics},
     year = 2016,
    month = jun,
   adsurl = {http://adsabs.harvard.edu/abs/2016arXiv160605337F},
  adsnote = {Provided by the SAO/NASA Astrophysics Data System}
}

@ARTICLE{2004MNRAS.353..529H,
   author = {{Hirata}, C.~M. and {Mandelbaum}, R. and {Seljak}, U. and {Guzik}, J. and
	{Padmanabhan}, N. and {Blake}, C. and {Brinkmann}, J. and {Bud{\'a}vari}, T. and
	{Connolly}, A. and {Csabai}, I. and {Scranton}, R. and {Szalay}, A.~S.
	},
    title = "{Galaxy-galaxy weak lensing in the Sloan Digital Sky Survey: intrinsic alignments and shear calibration errors}",
  journal = {\mnras},
   eprint = {astro-ph/0403255},
 keywords = {gravitational lensing, galaxies: haloes},
     year = 2004,
    month = sep,
   volume = 353,
    pages = {529-549},
      doi = {10.1111/j.1365-2966.2004.08090.x},
   adsurl = {http://adsabs.harvard.edu/abs/2004MNRAS.353..529H},
  adsnote = {Provided by the SAO/NASA Astrophysics Data System}
}

@ARTICLE{2015MNRAS.450.2963M,
   author = {{Mandelbaum}, R. and {Rowe}, B. and {Armstrong}, R. and {Bard}, D. and
	{Bertin}, E. and {Bosch}, J. and {Boutigny}, D. and {Courbin}, F. and
	{Dawson}, W.~A. and {Donnarumma}, A. and {Fenech Conti}, I. and
	{Gavazzi}, R. and {Gentile}, M. and {Gill}, M.~S.~S. and {Hogg}, D.~W. and
	{Huff}, E.~M. and {Jee}, M.~J. and {Kacprzak}, T. and {Kilbinger}, M. and
	{Kuntzer}, T. and {Lang}, D. and {Luo}, W. and {March}, M.~C. and
	{Marshall}, P.~J. and {Meyers}, J.~E. and {Miller}, L. and {Miyatake}, H. and
	{Nakajima}, R. and {Ngol{\'e} Mboula}, F.~M. and {Nurbaeva}, G. and
	{Okura}, Y. and {Paulin-Henriksson}, S. and {Rhodes}, J. and
	{Schneider}, M.~D. and {Shan}, H. and {Sheldon}, E.~S. and {Simet}, M. and
	{Starck}, J.-L. and {Sureau}, F. and {Tewes}, M. and {Zarb Adami}, K. and
	{Zhang}, J. and {Zuntz}, J.},
    title = "{GREAT3 results - I. Systematic errors in shear estimation and the impact of real galaxy morphology}",
  journal = {\mnras},
archivePrefix = "arXiv",
   eprint = {1412.1825},
 keywords = {gravitational lensing: weak, methods: data analysis, techniques: image processing, cosmology: observations},
     year = 2015,
    month = jul,
   volume = 450,
    pages = {2963-3007},
      doi = {10.1093/mnras/stv781},
   adsurl = {http://adsabs.harvard.edu/abs/2015MNRAS.450.2963M},
  adsnote = {Provided by the SAO/NASA Astrophysics Data System}
}

@ARTICLE{2014ApJS..212....5M,
   author = {{Mandelbaum}, R. and {Rowe}, B. and {Bosch}, J. and {Chang}, C. and
	{Courbin}, F. and {Gill}, M. and {Jarvis}, M. and {Kannawadi}, A. and
	{Kacprzak}, T. and {Lackner}, C. and et~al.},
    title = "{The Third Gravitational Lensing Accuracy Testing (GREAT3) Challenge Handbook}",
  journal = {\apjs},
archivePrefix = "arXiv",
   eprint = {1308.4982},
 keywords = {gravitational lensing: weak, methods: data analysis, methods: statistical, techniques: image processing },
     year = 2014,
    month = may,
   volume = 212,
      eid = {5},
    pages = {5},
      doi = {10.1088/0067-0049/212/1/5},
   adsurl = {http://adsabs.harvard.edu/abs/2014ApJS..212....5M},
  adsnote = {Provided by the SAO/NASA Astrophysics Data System}
}

@ARTICLE{2012MNRAS.423.3163K,
   author = {{Kitching}, T.~D. and {Balan}, S.~T. and {Bridle}, S. and {Cantale}, N. and
	{Courbin}, F. and {Eifler}, T. and {Gentile}, M. and {Gill}, M.~S.~S. and
	{Harmeling}, S. and {Heymans}, C. and {Hirsch}, M. and et~al.
	},
    title = "{Image analysis for cosmology: results from the GREAT10 Galaxy Challenge}",
  journal = {\mnras},
archivePrefix = "arXiv",
   eprint = {1202.5254},
 primaryClass = "astro-ph.CO",
 keywords = {gravitational lensing: weak, methods: statistical, techniques: image processing, cosmology: observations},
     year = 2012,
    month = jul,
   volume = 423,
    pages = {3163-3208},
      doi = {10.1111/j.1365-2966.2012.21095.x},
   adsurl = {http://adsabs.harvard.edu/abs/2012MNRAS.423.3163K},
  adsnote = {Provided by the SAO/NASA Astrophysics Data System}
}

@ARTICLE{2010arXiv1009.0779K,
   author = {{Kitching}, T. and {Balan}, S. and {Bernstein}, G. and {Bethge}, M. and
	{Bridle}, S. and {Courbin}, F. and {Gentile}, M. and et~al.},
    title = "{Gravitational Lensing Accuracy Testing 2010 (GREAT10) Challenge Handbook}",
  journal = {AOAS},
archivePrefix = "arXiv",
   eprint = {1009.0779},
 primaryClass = "astro-ph.CO",
 keywords = {Astrophysics - Cosmology and Extragalactic Astrophysics, Statistics - Applications},
     year = 2010,
    month = sep,
   volume = 5,
    issue = 3,
    pages = {2231-2263},
   adsurl = {http://adsabs.harvard.edu/abs/2010arXiv1009.0779K},
  adsnote = {Provided by the SAO/NASA Astrophysics Data System}
}

@ARTICLE{2007MNRAS.376...13M,
   author = {{Massey}, R. and {Heymans}, C. and {Berg{\'e}}, J. and {Bernstein}, G. and
	{Bridle}, S. and {Clowe}, D. and {Dahle}, H. and {Ellis}, R. and et~al.
},
    title = "{The Shear Testing Programme 2: Factors affecting high-precision weak-lensing analyses}",
  journal = {\mnras},
   eprint = {arXiv:astro-ph/0608643},
 keywords = {gravitational lensing, methods: data analysis, cosmology: observations},
     year = 2007,
    month = mar,
   volume = 376,
    pages = {13-38},
      doi = {10.1111/j.1365-2966.2006.11315.x},
   adsurl = {http://adsabs.harvard.edu/abs/2007MNRAS.376...13M},
  adsnote = {Provided by the SAO/NASA Astrophysics Data System}
}


@ARTICLE{2006MNRAS.368.1323H,
   author = {{Heymans}, C. and {Van Waerbeke}, L. and {Bacon}, D. and {Berge}, J. and
	{Bernstein}, G. and {Bertin}, E. and {Bridle}, S. and et~al.},
    title = "{The Shear Testing Programme - I. Weak lensing analysis of simulated ground-based observations}",
  journal = {\mnras},
   eprint = {astro-ph/0506112},
 keywords = {gravitational lensing , cosmology: observations , large-scale structure of Universe},
     year = 2006,
    month = may,
   volume = 368,
    pages = {1323-1339},
      doi = {10.1111/j.1365-2966.2006.10198.x},
   adsurl = {http://adsabs.harvard.edu/abs/2006MNRAS.368.1323H},
  adsnote = {Provided by the SAO/NASA Astrophysics Data System}
}

@ARTICLE{2009AnApS...3....6B,
   author = {{Bridle}, S. and {Shawe-Taylor}, J. and {Amara}, A. and {Applegate}, D. and
	{Balan}, S.~T. and {Berge}, Joel and {Bernstein}, G. and {Dahle}, H. and
	{Erben}, T. and et~al.},
    title = "{Handbook for the GREAT08 Challenge: An image analysis competition for cosmological lensing}",
  journal = {Annals of Applied Statistics},
archivePrefix = "arXiv",
   eprint = {0802.1214},
 keywords = {Inference, inverse problems, astronomy},
     year = 2009,
   volume = 3,
    pages = {6-37},
      doi = {10.1214/08-AOAS222},
   adsurl = {http://adsabs.harvard.edu/abs/2009AnApS...3....6B},
  adsnote = {Provided by the SAO/NASA Astrophysics Data System}
}

@ARTICLE{2010MNRAS.405.2044B,
   author = {{Bridle}, S. and {Balan}, S.~T. and {Bethge}, M. and {Gentile}, M. and
	{Harmeling}, S. and {Heymans}, C. and {Hirsch}, M. and {Hosseini}, R. and
	{Jarvis}, M. and {Kirk}, D. and et~al.},
    title = "{Results of the GREAT08 Challenge: an image analysis competition for cosmological lensing}",
  journal = {\mnras},
archivePrefix = "arXiv",
   eprint = {0908.0945},
 primaryClass = "astro-ph.CO",
 keywords = {gravitational lensing: weak, methods: data analysis, methods: statistical, techniques: image processing, cosmology: observations, large-scale structure of Universe},
     year = 2010,
    month = jul,
   volume = 405,
    pages = {2044-2061},
      doi = {10.1111/j.1365-2966.2010.16598.x},
   adsurl = {http://adsabs.harvard.edu/abs/2010MNRAS.405.2044B},
  adsnote = {Provided by the SAO/NASA Astrophysics Data System}
}


@ARTICLE{2013MNRAS.432.1544M,
   author = {{Mandelbaum}, R. and {Slosar}, A. and {Baldauf}, T. and {Seljak}, U. and
	{Hirata}, C.~M. and {Nakajima}, R. and {Reyes}, R. and {Smith}, R.~E.
	},
    title = "{Cosmological parameter constraints from galaxy-galaxy lensing and galaxy clustering with the SDSS DR7}",
  journal = {\mnras},
archivePrefix = "arXiv",
   eprint = {1207.1120},
 primaryClass = "astro-ph.CO",
 keywords = {gravitational lensing: weak, cosmological parameters, cosmology: observations, large-scale structure of Universe},
     year = 2013,
    month = jun,
   volume = 432,
    pages = {1544-1575},
      doi = {10.1093/mnras/stt572},
   adsurl = {http://adsabs.harvard.edu/abs/2013MNRAS.432.1544M},
  adsnote = {Provided by the SAO/NASA Astrophysics Data System}
}

@ARTICLE{2005MNRAS.361.1287M,
   author = {{Mandelbaum}, R. and {Hirata}, C.~M. and {Seljak}, U. and {Guzik}, J. and
	{Padmanabhan}, N. and {Blake}, C. and {Blanton}, M.~R. and {Lupton}, R. and
	{Brinkmann}, J.},
    title = "{Systematic errors in weak lensing: application to SDSS galaxy-galaxy weak lensing}",
  journal = {\mnras},
   eprint = {astro-ph/0501201},
 keywords = {gravitational lensing, galaxies: distances and redshifts, galaxies: halos},
     year = 2005,
    month = aug,
   volume = 361,
    pages = {1287-1322},
      doi = {10.1111/j.1365-2966.2005.09282.x},
   adsurl = {http://adsabs.harvard.edu/abs/2005MNRAS.361.1287M},
  adsnote = {Provided by the SAO/NASA Astrophysics Data System}
}

@ARTICLE{2012MNRAS.425.2610R,
   author = {{Reyes}, R. and {Mandelbaum}, R. and {Gunn}, J.~E. and {Nakajima}, R. and
	{Seljak}, U. and {Hirata}, C.~M.},
    title = "{Optical-to-virial velocity ratios of local disc galaxies from combined kinematics and galaxy-galaxy lensing}",
  journal = {\mnras},
 keywords = {gravitational lensing: weak, galaxies: kinematics and dynamics, galaxies: spiral},
     year = 2012,
    month = oct,
   volume = 425,
    pages = {2610-2640},
      doi = {10.1111/j.1365-2966.2012.21472.x},
   adsurl = {http://adsabs.harvard.edu/abs/2012MNRAS.425.2610R},
  adsnote = {Provided by the SAO/NASA Astrophysics Data System}
}

@ARTICLE{2003MNRAS.343..459H,
   author = {{Hirata}, C. and {Seljak}, U.},
    title = "{Shear calibration biases in weak-lensing surveys}",
  journal = {\mnras},
   eprint = {astro-ph/0301054},
 keywords = {gravitational lensing, methods: data analysis},
     year = 2003,
    month = aug,
   volume = 343,
    pages = {459-480},
      doi = {10.1046/j.1365-8711.2003.06683.x},
   adsurl = {http://adsabs.harvard.edu/abs/2003MNRAS.343..459H},
  adsnote = {Provided by the SAO/NASA Astrophysics Data System}
}

@ARTICLE{2015A&C....10..121R,
   author = {{Rowe}, B.~T.~P. and {Jarvis}, M. and {Mandelbaum}, R. and {Bernstein}, G.~M. and
	{Bosch}, J. and {Simet}, M. and {Meyers}, J.~E. and {Kacprzak}, T. and
	{Nakajima}, R. and {Zuntz}, J. and {Miyatake}, H. and {Dietrich}, J.~P. and
	{Armstrong}, R. and {Melchior}, P. and {Gill}, M.~S.~S.},
    title = "{GALSIM: The modular galaxy image simulation toolkit}",
  journal = {Astronomy and Computing},
archivePrefix = "arXiv",
   eprint = {1407.7676},
 primaryClass = "astro-ph.IM",
 keywords = {Methods: data analysis, Techniques: image processing, Gravitational lensing, Cosmology: observations},
     year = 2015,
    month = apr,
   volume = 10,
    pages = {121-150},
      doi = {10.1016/j.ascom.2015.02.002},
   adsurl = {http://adsabs.harvard.edu/abs/2015A%26C....10..121R},
  adsnote = {Provided by the SAO/NASA Astrophysics Data System}
}

@ARTICLE{1995ApJ...449..460K,
   author = {{Kaiser}, N. and {Squires}, G. and {Broadhurst}, T.},
    title = "{A Method for Weak Lensing Observations}",
  journal = {\apj},
   eprint = {astro-ph/9411005},
 keywords = {COSMOLOGY: OBSERVATIONS, COSMOLOGY: DARK MATTER, GALAXIES: FORMATION, COSMOLOGY: GRAVITATIONAL LENSING, COSMOLOGY: LARGE-SCALE STRUCTURE OF UNIVERSE},
     year = 1995,
    month = aug,
   volume = 449,
    pages = {460},
      doi = {10.1086/176071},
   adsurl = {http://adsabs.harvard.edu/abs/1995ApJ...449..460K},
  adsnote = {Provided by the SAO/NASA Astrophysics Data System}
}

@ARTICLE{2002AJ....123..583B,
   author = {{Bernstein}, G.~M. and {Jarvis}, M.},
    title = "{Shapes and Shears, Stars and Smears: Optimal Measurements for Weak Lensing}",
  journal = {\aj},
   eprint = {astro-ph/0107431},
 keywords = {Cosmology: Gravitational Lensing, Methods: Data Analysis, Techniques: Image Processing},
     year = 2002,
    month = feb,
   volume = 123,
    pages = {583-618},
      doi = {10.1086/338085},
   adsurl = {http://adsabs.harvard.edu/abs/2002AJ....123..583B},
  adsnote = {Provided by the SAO/NASA Astrophysics Data System}
}

@ARTICLE{2013MNRAS.429.2858M,
   author = {{Miller}, L. and {Heymans}, C. and {Kitching}, T.~D. and {van Waerbeke}, L. and 
	{Erben}, T. and {Hildebrandt}, H. and {Hoekstra}, H. and {Mellier}, Y. and 
	{Rowe}, B.~T.~P. and {Coupon}, J. and {Dietrich}, J.~P. and 
	{Fu}, L. and {Harnois-D{\'e}raps}, J. and {Hudson}, M.~J. and 
	{Kilbinger}, M. and {Kuijken}, K. and {Schrabback}, T. and {Semboloni}, E. and 
	{Vafaei}, S. and {Velander}, M.},
    title = "{Bayesian galaxy shape measurement for weak lensing surveys - III. Application to the Canada-France-Hawaii Telescope Lensing Survey}",
  journal = {\mnras},
archivePrefix = "arXiv",
   eprint = {1210.8201},
 primaryClass = "astro-ph.CO",
 keywords = {gravitational lensing: weak, methods: data analysis, methods: statistical, cosmology: observations},
     year = 2013,
    month = mar,
   volume = 429,
    pages = {2858-2880},
      doi = {10.1093/mnras/sts454},
   adsurl = {http://adsabs.harvard.edu/abs/2013MNRAS.429.2858M},
  adsnote = {Provided by the SAO/NASA Astrophysics Data System}
}

